3304 5098
766 323 964 388 -ς-.

281 502 418 586 βασιλέα
453 504 595 587 ἰσχυρῶς
631 501 824 586 ἐπολέμουν.
884 501 901 565 ὁ
935 499 971 565 δέ
998 509 1000 536 ²
1027 501 1235 567 ...ἐδόκουν
1250 501 1352 566 αὐτὸν
1369 494 1456 566 εἶναι

277 603 422 676 πολλοὺς
453 598 485 677 ἐξ
516 600 627 666 αὐτῶν
655 599 815 684 ἀνδρείως
846 599 972 663 ἀνελὼν
999 592 1001 679 λ
1026 602 1087 664 τὸν
1112 599 1248 683 βασιλέα
1295 603 1455 664 ...πολ-

279 699 392 781 λαβὼν
416 695 470 762 uui
490 698 589 775 αὐτὸς
607 702 741 782 καιρίαν
761 699 891 781 πληγὴν
910 695 972 761 ἐτε-
999 694 1001 752 ἔ
1029 700 1107 774 λοὺς
1130 697 1272 763 ἀνεῖλεν.

280 797 448 880 λεύτησεν,
471 797 648 880 πληρώσας
671 797 708 860 τὸ
732 794 973 879 γεγραμμένον·
1000 794 1001 885 λ

278 896 411 975 μείζονα
447 893 569 976 ταύτης
601 892 732 976 ἀγάπην
764 892 875 970 οὐδεὶς
907 889 973 976 ἔχει
1000 916 1002 1007 p

278 991 334 1056 ἵνα
366 1017 416 1068 τις
448 993 509 1075 τὴν
538 992 649 1075 ψυχὴν
679 991 783 1056 αὐτοῦ
814 998 860 1076 θη
890 987 973 1073 ὑπὲρ
1030 993 1229 1079 ...θανάτῳ
1255 989 1375 1056 ἑαυτὸν
1394 1013 1456 1056 πα-

279 1098 339 1152 τοῦ
364 1091 466 1172 φίλου
490 1087 603 1153 αὐτοῦ.
1000 1136 1002 1192 ρ
1029 1090 1153 1172 ραδοὺς
1176 1086 1260 1174 ὑπὲρ
1282 1098 1342 1154 τοῦ
1361 1093 1456 1173 βασι-

1001 1217 1003 1272 p
1029 1186 1118 1263 λέως.

366 1315 467 1394 ltaque
492 1314 636 1394 Georgius
659 1314 833 1392 Monachus,
864 1317 915 1394 qui
943 1315 996 1375 iiiii
1024 1313 1210 1375 Bucinatoris
1240 1315 1351 1376 nullam
1380 1317 1456 1375 noti·

278 1413 349 1472 tiam
373 1412 470 1490 hahet,
495 1419 609 1474 tantum
632 1432 687 1492 per
710 1431 778 1472 eum
802 1414 853 1491 qui
876 1421 989 1473 vestem
1013 1415 1201 1492 imperatoris
1224 1413 1357 1474 induerit
1379 1413 1455 1474 Con·

279 1513 441 1571 stantinum
461 1519 609 1572 servatum
629 1530 694 1572 esse
714 1511 821 1590 prodit.
855 1511 915 1571 iiae
934 1513 1077 1571 memoria
1097 1518 1232 1590 exempta
1248 1517 1340 1572 restat
1354 1511 1455 1591 altera,

279 1627 337 1688 qua
361 1610 524 1688 accipimus
548 1608 758 1688 imperatorem
784 1629 799 1669 a
823 1609 883 1668 filio
902 1608 1089 1669 Bucinatoris
1113 1627 1178 1670 esse
1198 1617 1346 1670 servatum
1367 1627 1455 1688 quae-

280 1725 337 1784 que
371 1706 432 1766 sola
463 1707 582 1785 quidem
616 1727 632 1767 a
663 1705 720 1767 Bar
747 1707 882 1767 Hehraco
912 1701 971 1790 (ed.
996 1706 1274 1786 Bruns·iiirseh,
1303 1707 1350 1767 lat.
1379 1725 1456 1768 vers.

277 1823 305 1883 p.
328 1798 459 1888 ttlsq.)
484 1805 653 1886 exhihetnr3
678 1806 813 1865 conferas
838 1824 946 1883 quaeso
970 1805 1058 1866 haec:

400 1929 458 1988 Bar
481 1928 647 1990 hebraeus:
1077 1930 1223 2008 Theoph:

322 2027 389 2105 ipse
399 2029 560 2106 imperator
569 2029 686 2087 occisus
697 2035 786 2105 esset,
813 2064 814 2110 ρ

278 2127 337 2185 nisi
361 2125 439 2185 filius
464 2126 650 2186 Bucinatoris
678 2127 709 2184 in
736 2145 786 2185 na·
842 2121 1455 2204 ...καὶεἰσπεδησαςδυὶὸςτοῦΒουκι-

278 2242 344 2284 vem
373 2225 485 2300 regiam
519 2223 646 2283 saliisset
675 2231 704 2282 ct
731 2225 785 2284 im·
841 2221 1073 2301 νάτορος..εῑς
1083 2220 1119 2283 τὸ
1129 2221 1303 2300 βασιλικὸν
1316 2220 1453 2302 σκάφος,

277 2328 445 2400 peratorem
484 2320 520 2381 ad
553 2320 639 2380 aliam
672 2339 785 2399 navem,
841 2319 900 2383 τὸν
914 2317 1050 2401 βασιλέα
1064 2317 1261 2400 ἀφαρπάσας
1270 2315 1323 2381 καὶ
1335 2319 1381 2393 εἰς
1391 2316 1456 2382 ἕτε-

278 2426 312 2479 ut
363 2426 545 2497 servaretur,
597 2417 785 2497 abripuisset.
841 2440 902 2493 ρον
917 2416 1043 2500 σκάφος
1059 2423 1180 2479 τοῦτον
1193 2416 1457 2496 μεταβαλών...

278 2516 345 2596 lpse
360 2519 390 2576 in
401 2519 569 2594 naveregia
580 2519 696 2595 mansit,
711 2516 786 2576 mul·
812 2559 884 2602 4...
899 2516 977 2598 μετὰ
993 2515 1030 2578 δὲ
1043 2514 1188 2587 πολλοὺς
1206 2511 1336 2577 ἀνελεῖν
1354 2509 1456 2576 ἔκτει-

278 2617 377 2694 tisque
402 2617 496 2675 eaesis
517 2614 634 2674 tandem
656 2614 785 2674 trucida·
812 2605 814 2614 ⁴
840 2637 904 2677 ναν
914 2613 1017 2677 αὐτὸν
1028 2613 1060 2676 οἱ
1070 2605 1352 2693 πολέμιοι...ὁδέ
1363 2613 1455 2692 βασι-

280 2721 328 2772 tus
352 2721 405 2772 cst.
457 2712 601 2772 Constans
630 2719 728 2772 autem
757 2719 785 2771 ct
842 2713 917 2786 λεὺς
941 2710 1026 2774 οὕτω
1046 2709 1299 2792 τροπωσάμενος
1319 2706 1455 2796 σῴζεται

280 2811 372 2870 irater
399 2813 463 2871 eius
489 2813 520 2869 in
543 2809 649 2870 urbem
673 2812 785 2888 regiam
840 2805 894 2872 καὶ
909 2808 1096 2872 καταλιπὼν
1111 2807 1236 2882 πάντας
1251 2805 1457 2870 ἀπέπλευσεν

278 2908 425 2986 fugerunt.
811 2952 814 2990 η
841 2904 877 2969 ἐν
901 2907 1037 2969 Κπόλει.

368 3051 524 3112 Videamus
549 3070 628 3111 nunc
652 3051 687 3111 de
712 3050 804 3111 altero
828 3051 901 3129 loco,
926 3070 983 3130 quo
1003 3051 1213 3129 Theophanem
1236 3052 1332 3110 varias
1356 3058 1457 3128 partes

279 3147 404 3208 sontium
434 3150 678 3208 contaminavisse
709 3148 813 3208 elucet.
866 3149 926 3209 Sub
950 3150 981 3209 Α.
992 3149 1028 3209 Μ.
1044 3145 1132 3210 6160
1159 3156 1285 3210 mortem
1314 3148 1456 3210 Constan-

278 3247 334 3306 tini
357 3247 545 3324 imperatoris
568 3265 690 3306 narrare
720 3247 776 3307 sibi
802 3249 964 3326 proposuit.
1010 3247 1187 3326 Priusquam
1212 3255 1310 3306 autem
1334 3246 1370 3306 ad
1393 3267 1457 3308 mo-

280 3343 350 3404 dum
373 3345 472 3422 ipsum
496 3363 554 3423 quo
578 3344 627 3404 iile
652 3347 848 3423 interemptus
873 3347 912 3404 sit
931 3345 1161 3405 describendum
1180 3347 1295 3422 transit,
1319 3363 1455 3423 magnam

279 3449 404 3521 partem,
429 3461 486 3520 qua
510 3461 616 3503 causae
640 3443 739 3504 caedis
763 3443 875 3503 verbis:
899 3436 941 3522 ἦν
965 3436 1001 3504 δὲ
1020 3440 1040 3522 ἡ
1060 3441 1147 3504 αἰτία
1167 3439 1248 3521 αὕτη
1270 3450 1458 3521 enarrantur,¹

279 3542 393 3600 inserit.
440 3539 503 3610 Oua
527 3548 610 3618 parte
634 3543 791 3602 interiecta
820 3543 1000 3601 continuatio
1024 3542 1203 3600 narrationis
1226 3541 1458 3619 interrumpitur

279 3639 328 3717 ita,
351 3645 385 3698 ut
408 3656 473 3698 mea
497 3638 617 3716 quidem
641 3640 786 3698 sententia
815 3638 864 3698 illa
887 3639 990 3698 verba:
1018 3631 1060 3716 ἦν
1084 3631 1121 3698 δέ
1144 3635 1164 3717 η
1188 3637 1276 3698 αι’τέα
1300 3634 1382 3717 αὕτη
1406 3657 1456 3698 us·

279 3755 337 3814 que
361 3735 397 3796 ad
421 3782 427 3795 .
454 3782 460 3794 .
485 3781 491 3794 .
516 3730 553 3796 ἐν
582 3737 719 3817 Σικελίᾳ
747 3730 802 3814 έτη
827 3731 855 3805 ς’
883 3739 914 3796 in
942 3737 1035 3814 sonte,
1065 3755 1122 3815 quo
1152 3737 1280 3815 scriptor
1306 3738 1337 3794 in
1360 3744 1458 3798 morte

280 3834 466 3894 Constantini
494 3833 641 3893 narranda
663 3853 737 3894 usus
761 3842 819 3912 est,
847 3834 928 3894 nullo
956 3842 1041 3913 pacto
1070 3835 1190 3894 suerint.
1236 3832 1315 3894 Hnec
1341 3836 1458 3894 coniec-

279 3939 346 3992 tura
369 3931 511 4010 probatur
534 3933 708 4006 testimonio
728 3931 867 4010 Camoni,
892 3933 943 4010 qui
965 3930 1055 3990 verba
1077 3931 1151 3990 hacc
1175 3929 1306 3990 exhibet:
1336 3930 1387 4014 Τῷ
1410 3925 1458 4004 κζ’

280 4023 345 4090 ἐτει
368 4024 603 4109 ἐδολοφονήθη
627 4025 644 4090 ὁ
668 4028 825 4109 βασιλεὺς
844 4028 1005 4101 Κώνστας
1029 4023 1066 4089 ἐν
1089 4025 1291 4108 Συρακούση
1315 4030 1457 4107 τηςΣι-

280 4125 400 4204 αελίας,
425 4122 461 4187 έν
484 4131 529 4208 τῷ
553 4126 716 4210 βαλανείῳ
741 4122 907 4206 ὃλέγεται
925 4124 1058 4207 Δάφνη.
1105 4127 1306 4204 συνεισῆλθε
1324 4123 1388 4207 γάρ
1407 4147 1457 4198 τις

281 4222 369 4308 αὐτῷ
387 4219 551 4306 Ἀνδρέας,
575 4221 629 4285 καὶ
653 4222 696 4297 ὡς
719 4219 839 4304 ἤρξατο
863 4223 1048 4306 σμηχεσθαι
1072 4220 1089 4284 ὁ
1113 4221 1283 4303 βασιλεύς,
1312 4219 1458 4284 δέδοικεν

281 4321 385 4384 αὐτὸν
408 4321 488 4402 μετά
511 4329 571 4384 τοῦ
595 4319 723 4383 κάδδου
746 4321 828 4384 κατὰ
851 4329 909 4402 τῆς
926 4329 1077 4403 κορυφῆς
1098 4316 1152 4383 καὶ
1175 4317 1352 4382 ἀπέκτεινε.
1399 4319 1459 4382 τὸν

282 4413 319 4482 δέ
342 4418 492 4482 θάνατον
516 4417 619 4482 αὐτοῦ
643 4417 839 4501 αὐθημερον
861 4419 1010 4501 ἥκουσαν
1033 4415 1070 4481 ἐν
1093 4426 1132 4501 τη
1155 4419 1259 4498 πόλει,
1283 4425 1397 4498 φωνῆς
1421 4414 1457 4479 ἐκ
