3304 5098
734 316 952 379 ,38-

252 497 397 558 tumultus
421 505 557 558 oreretur
580 505 667 575 atque
692 499 777 556 initio
801 496 955 558 seditionis
983 497 1110 576 populus
1137 499 1281 559 excitatus
1305 498 1431 578 Pyrrum

254 601 374 674 cogeret
402 613 437 656 ex
460 595 536 656 urbe
560 595 672 674 lugere.
719 595 813 674 Atque
838 603 909 674 puto
932 593 1022 655 verba
1045 595 1165 656 loannis
1191 603 1220 656 ct
1243 596 1432 675 Theophanis

253 696 284 753 in
304 712 368 754 eam
388 696 567 754 sententiam
587 695 683 772 accipi
701 711 798 772 posse,
817 701 928 752 utnon
948 701 1008 753 tam
1031 712 1091 754 uno
1110 701 1243 772 tempore
1265 713 1354 773 quam
1373 713 1432 755 una

253 791 416 871 eademque
452 791 597 852 seditione
633 799 663 852 et
690 790 815 850 Martina
849 790 1088 870 Heraclonasque
1117 799 1146 851 et
1169 791 1293 870 Pyrrus,
1329 811 1433 852 eorum

253 891 361 969 socius,
385 891 467 950 omni
489 891 622 968 potentia
644 890 843 968 privarentur.

342 987 397 1048 Hic
419 987 596 1066 patriarcha,
627 989 735 1066 quippe
760 988 811 1065 qui
835 986 1027 1047 consiliorum
1056 989 1154 1047 socius
1183 995 1213 1048 33
1240 987 1433 1048 fidelissimus

253 1084 370 1146 adiutor
388 1083 531 1145 Martinae
551 1085 656 1145 luisset
675 1091 705 1144 et
724 1103 784 1144 una
808 1104 887 1144 cum*
899 1086 1088 1164 imperatrice
1111 1087 1143 1144 in
1162 1087 1364 1165 suspicionem
1383 1085 1433 1145 ad·

254 1182 360 1243 ductus
376 1184 526 1261 particeps
540 1181 692 1242 videretur
706 1184 811 1242 mortis
822 1182 1008 1243 Constantini
1022 1184 1123 1262 luisse,
1138 1185 1214 1244 iram
1229 1191 1317 1263 atque
1332 1183 1432 1244 odium

252 1280 354 1360 populi
383 1289 562 1359 susceperat.
609 1280 685 1340 Eum
712 1280 895 1340 multitudini
923 1280 1059 1342 turbidae
1091 1289 1120 1341 et
1144 1281 1301 1342 seditiosae
1326 1280 1432 1342 ceden-

253 1387 313 1439 tem
336 1377 441 1439 urbem
466 1377 634 1439 deseruisse
665 1397 762 1456 neque
787 1381 846 1438 ritu
870 1381 1012 1439 canonico
1042 1398 1056 1438 a
1086 1379 1196 1457 synodo
1226 1381 1432 1458 episcoporum

254 1475 420 1555 depositum
449 1494 515 1536 esse
544 1476 640 1536 elucet
667 1474 754 1554 plane
783 1495 819 1536 ex
848 1477 973 1554 epistula
997 1477 1145 1538 Theodori
1172 1496 1264 1556 papae
1294 1477 1330 1537 ad
1358 1477 1432 1538 Pan-

252 1574 314 1634 lum
341 1575 540 1653 patriarcham
568 1567 665 1657 data1)
695 1581 724 1634 33
750 1573 848 1634 verbis
872 1572 1044 1654 Nicephori,
1074 1577 1125 1654 qui
1149 1577 1371 1636 accuratissime
1397 1575 1432 1636 de

252 1672 338 1752 Pyrri
362 1671 546 1732 abdicatione
571 1674 757 1751 episcopatus
783 1665 884 1756 agitl)
931 1673 1056 1733 loannes
1085 1691 1186 1734 errare
1209 1673 1283 1733 mihi
1306 1672 1432 1752 videtur,

254 1789 321 1831 cum
351 1769 425 1830 3333Ι
443 1769 585 1850 Tripolim
611 1778 844 1849 transportatum
873 1789 939 1831 esse
962 1770 1074 1853 prodit3
1107 1773 1198 1831 immo
1227 1771 1433 1832 coniciendum

254 1876 301 1929 est
323 1869 521 1948 patriarcham
544 1868 622 1935 ultro
645 1871 676 1928 in
696 1869 825 1928 dl'ricam
849 1870 975 1928 venisse.
1021 1868 1055 1928 Ι3
1075 1868 1235 1947 Nicephori
1259 1875 1398 1930 contextu
1406 1863 1432 1952 ³)

254 1966 432 2028 exhihentur
450 1966 539 2026 verba
558 1964 662 2047 ,,πρὸς
680 1965 741 2046 τὴν
760 1963 972 2044 Χαλκηδόνος
992 1961 1163 2027 ἀπέπλει“;
1187 1969 1219 2026 in
1238 1967 1347 2046 quibus
1365 1985 1433 2046 pro·

253 2064 385 2125 baverim
410 2067 610 2125 coniecturam
636 2064 675 2124 de
699 2063 821 2124 Boorii
844 2062 1111 2144 „Kaomoovog‘t
1159 2064 1329 2144 Carthagini
1353 2067 1432 2125 enim

253 2162 364 2242 Pyrrus
395 2181 494 2222 coram
524 2161 665 2240 Gregorio
695 2163 834 2240 3333333,
865 2163 916 2240 qui
943 2162 1059 2222 Africae
1089 2164 1258 2241 provinciae
1288 2169 1434 2241 praeerat,

253 2259 327 2320 lulio
351 2279 453 2320 mense
477 2263 547 2319 anni
571 2256 635 2320 645
660 2278 727 2319 cum
752 2259 780 2318 S.
805 2258 931 2319 Maximo
956 2259 991 2319 de
1015 2259 1215 2321 voluntatibus
1240 2260 1350 2320 Christi
1375 2259 1433 2320 dis·

253 2350 408 2436 putavitf)

526 2511 571 2576 Do
594 2511 763 2577 Valentini
786 2513 999 2596 usurpatione
1021 2513 1160 2596 imperii.
1188 2551 1192 2558 ·

346 2641 555 2701 Constantinus
588 2640 760 2720 dignitatern
791 2641 911 2720 quidem
942 2644 1130 2721 imperatoris
1160 2642 1240 2724 tulit3
1272 2642 1325 2703 sed
1356 2661 1434 2721 eum,

256 2742 308 2819 qui
337 2739 424 2800 modo
454 2758 530 2818 puer
558 2738 698 2799 undecim
729 2758 874 2800 annorum
904 2741 1006 2818 luerit,
1039 2742 1071 2800 in
1098 2758 1130 2799 re
1158 2739 1277 2818 publica
1307 2740 1433 2800 multum

255 2837 383 2898 valuisse
407 2837 485 2897 haud
510 2836 652 2898 credibile
676 2846 730 2897 est.
776 2837 868 2898 Immo
891 2839 990 2916 potius
1010 2840 1189 2898 coniecerim
1213 2857 1360 2918 summam
1379 2840 1434 2898 im·

255 2937 332 3014 perii
354 2954 447 3014 penes
471 2943 606 2995 senatum
630 2944 659 2994 et
684 2934 773 2996 duces
802 2937 950 2996 exercitus
974 2937 1075 3012 luisse,
1104 2937 1189 2995 cuius
1217 2935 1309 2996 solius
1340 2938 1434 3014 gratia

256 3033 466 3094 Constantinus
490 3035 651 3112 imperator
674 3033 769 3093 lactus
789 3041 876 3094 esset.
914 3033 1101 3112 Quantopere
1117 3033 1327 3094 Constantinus
1345 3035 1433 3094 etiarn

256 3131 450 3210 sequentibus
481 3133 565 3190 annis
597 3129 632 3190 ab
663 3130 785 3191 arbitrio
817 3133 967 3210 copiarum
998 3130 1180 3211 dependerit,
1211 3131 1321 3192 Sebeos
1349 3133 1435 3192 testis

257 3236 309 3289 est.
365 3229 459 3307 Atque
492 3230 639 3306 imprimis
668 3228 840 3289 Valentinus
868 3231 1030 3308 potentiam
1061 3229 1185 3309 adeptus
1214 3247 1279 3289 esse
1307 3229 1434 3290 videtur.

256 3325 441 3405 Quamquam
465 3327 589 3386 loannes
609 3325 704 3405 Nicia,
730 3346 797 3386 cum
823 3327 858 3387 de
877 3327 1019 3388 Martinae
1043 3327 1265 3406 liberorumque
1290 3329 1434 3388 eiectione

257 3427 329 3502 agit,
350 3412 437 3483 'illins
461 3426 579 3502 patricii
603 3423 683 3484 nullo
706 3424 796 3484 verbo
819 3427 1001 3486 mentionem
1025 3426 1106 3504 iacit,
1133 3434 1231 3485 tamen
1254 3434 1360 3504 putare
1383 3444 1435 3485 ne-

257 3541 333 3602 queo
353 3521 539 3582 Valentinum
559 3521 639 3582 illius
659 3523 799 3583 facinoris
819 3533 971 3601 expertem
995 3523 1096 3601 luisse,
1120 3525 1190 3601 quia
1209 3521 1295 3582 aliter
1313 3522 1435 3582 dillicile

258 3628 304 3682 est
326 3619 479 3680 intellectu
502 3622 660 3699 patricium
684 3628 795 3680 tantam
818 3629 995 3700 potestatem
1018 3620 1075 3681 sibi
1098 3639 1204 3700 parere
1232 3623 1374 3700 potuisse,
1402 3629 1437 3681 33

256 3718 341 3779 brevi
369 3725 502 3797 tempore
532 3726 600 3796 post
623 3737 711 3798 quarn
739 3718 782 3778 illi
810 3719 925 3798 expulsi
953 3726 1023 3779 sunt
1056 3720 1215 3796 imperium
1240 3713 1434 3802 appeteret⁵>

348 3866 373 3933 1)
393 3861 434 3917 Cf.
458 3862 568 3916 blansi
590 3863 662 3917 Acta
685 3863 710 3916 X
728 3881 755 3932 p.
777 3869 836 3917 704.
867 3863 1029 3917 Theodorus
1048 3880 1124 3932 papa
1147 3863 1335 3932 reprehendit,
1359 3863 1435 3930 quod

257 3943 360 4012 Pyrrus
374 3960 431 3997 non
445 3943 558 3997 decreto
573 3942 674 4012 synodi
689 3942 833 4012 depositus
848 3945 897 3997 sit:
918 3960 1002 4011 „nam
1015 3944 1141 3997 turbatio
1155 3946 1184 3998 33
1198 3944 1295 3997 odium
1309 3943 1435 4012 populi“‚

256 4026 290 4076 ut
309 4027 499 4092 3333333333
518 4023 713 4092 „episcopatus
732 4023 851 4092 gradum
869 4024 960 4077 nescit
979 4023 1114 4077 auferret

348 4105 374 4173 2)
393 4103 511 4172 Niceph.
535 4121 562 4172 p.
588 4109 661 4169 31‚7
692 4110 758 4172 ,,τῆς
787 4103 938 4172 ἱερωσύνης
968 4103 1004 4172 μὴ
1028 4103 1217 4172 ἀφιστάμενος
1240 4102 1434 4172 ἀποτάσσσμαι

258 4187 315 4256 λαῷ
330 4184 471 4238 (3333333333.
580 4186 606 4252 3)
625 4182 742 4252 13133313,
763 4202 790 4252 p.
811 4190 911 4252 31,10.

348 4265 374 4332 4)
393 4262 466 4316 Acta
480 4262 564 4316 huius
579 4263 780 4330 disputationis
790 4265 826 4317 ad
836 4282 887 4318 nos
897 4267 1040 4318 venerunt.
1070 4263 1109 4318 Cf.
1121 4263 1231 4318 Menai
1240 4263 1265 4316 X
1274 4281 1302 4332 p.
1315 4268 1365 4317 710
1374 4281 1434 4332 sqq.

348 4345 374 4412 5)
394 4342 579 4411 Theophanes
594 4343 646 4396 snb
660 4344 693 4396 A.
703 4342 741 4396 M.
757 4349 826 4398 6136
842 4344 913 4398 talia
927 4343 1024 4398 refert:
1048 4345 1143 4416 Τούτῳ
1162 4349 1200 4418 τῷ
1220 4346 1273 4400 ἔτει
1292 4341 1435 4398 ἐστασίασε

258 4421 475 4484 Βαλεντινιανὸς
498 4421 516 4488 ὁΥ
536 4420 683 4490 πατρίκιος
706 4423 778 4477 κατὰ
801 4425 986 4486 Κώνσταντος
1008 4428 1064 4479 κτλ.
1102 4425 1143 4478 Ex
1166 4425 1270 4479 Ioanne
1292 4427 1387 4478 autem
1407 4426 1437 4477 33
