3304 5098
669 363 892 426 -31-

192 543 313 606 Graecis
342 547 435 623 copiis
464 564 498 606 ex
522 543 699 604 Alexandria
727 544 878 621 proiectus
907 553 953 604 est
980 553 1010 603 et
1037 546 1068 603 in
1092 543 1221 622 Cyprum
1245 563 1276 604 se
1301 563 1370 603 con·

191 637 297 726 tulitl)
344 643 431 702 Brevi
454 650 522 721 post
544 642 672 702 Ambrus
695 640 776 701 nullo
800 644 958 702 resistente
981 641 1087 702 urbem
1110 635 1268 726 intravitfl)

284 741 499 802 Saracenorum
524 740 591 820 dux,
616 759 684 800 cum
703 742 762 800 iam
781 746 842 800 tota
861 740 1012 818 provincia
1030 740 1142 817 potitus
1161 745 1248 815 esset,
1272 739 1369 798 hieme

192 833 331 922 642s3³)
361 839 397 900 ad
421 839 606 900 occidentem
625 857 734 906 ¹versus
758 856 826 897 cum
850 839 983 897 exercitu
1006 837 1157 915 proiectus
1181 844 1235 914 est,
1263 844 1297 896 ut
1320 856 1371 915 op·

191 937 269 1016 pida,
294 956 369 1016 quae
394 937 430 996 ad
450 938 552 1016 Syrtes
576 939 631 997 sita
657 935 764 996 Graeci
787 935 883 996 adhuc
901 942 1046 1013 potestate
1066 941 1235 1012 tenuerunt,
1260 952 1370 1012 expug-

192 1029 314 1118 naret.⁴)
362 1035 454 1095 Barca
477 1035 550 1095 urbs
573 1033 794 1112 Pentapolitana
819 1033 899 1094 nullo
924 1035 1081 1093 resistente
1105 1032 1240 1092 hostibus
1265 1052 1295 1092 se
1321 1033 1371 1093 de·
1412 1081 1415 1086 .

194 1132 275 1211 didit,
304 1141 334 1193 et
356 1133 470 1193 incolae
494 1135 671 1193 necessitate
696 1135 790 1192 coacti
818 1134 1021 1210 promiserunt
1044 1149 1075 1190 se
1099 1129 1262 1190 victoribus
1286 1139 1370 1209 quot-

193 1233 278 1292 annis
304 1227 420 1291 13000
444 1231 581 1292 denarios
605 1230 754 1290 soluturos
779 1248 853 1290 esse.
901 1229 959 1289 Sed
982 1237 1015 1289 ut
1037 1229 1093 1288 hoc
1117 1227 1262 1288 tributum
1286 1247 1370 1307 coge·

193 1338 288 1406 retur,
322 1331 515 1390 constitutum
546 1336 592 1388 est
621 1327 731 1388 liberos
762 1346 865 1388 eorum
896 1327 951 1388 sub
985 1346 1093 1387 corona
1125 1328 1235 1386 venire.
1283 1326 1371 1386 Teste

191 1427 288 1487 Yakut
315 1428 443 1486 maxima
470 1445 540 1504 pars
568 1425 732 1486 incolarum
761 1426 798 1485 ad
821 1427 1023 1503 Agarenorum
1047 1424 1136 1484 fidem
1161 1443 1193 1484 se
1218 1426 1370 1483 convertit.

191 1525 263 1585 lnde
287 1525 415 1585 AmBrus
443 1526 543 1603 copias
571 1542 640 1584 suas
668 1531 770 1584 contra
798 1523 941 1602 Tripolim
973 1522 1063 1582 duxit.
1111 1521 1168 1582 Sed
1199 1525 1267 1600 quia
1299 1524 1371 1582 haec

192 1622 265 1682 urbs
285 1625 356 1683 satis
375 1624 461 1681 firma
481 1621 593 1682 Graeco
612 1621 761 1699 praesidio
780 1621 945 1700 tenebatur,
969 1620 1081 1680 Arabes
1101 1639 1165 1680 eam
1185 1623 1214 1679 vi
1233 1629 1262 1680 et
1281 1623 1372 1680 armis

192 1723 224 1780 in
249 1721 396 1780 dicionem
420 1738 526 1798 cogere
547 1718 721 1779 debuerunt.
759 1718 919 1797 Postquam
939 1717 1081 1797 oppidum
1102 1717 1372 1796 circumdederunt,

194 1853 236 1860 -
261 1818 310 1878 alii
332 1813 439 1895 unum,
469 1817 518 1877 alii
546 1825 607 1877 tres
635 1836 755 1877 menses
779 1817 942 1877 obsidionis
970 1815 1156 1877 tradunt-
1182 1818 1305 1895 contigit
1329 1815 1372 1876 eis

194 1916 306 1976 aditum
329 1915 413 1975 urbis
438 1917 571 1974 invenire
597 1921 626 1975 et
648 1923 768 1993 praeter
791 1917 960 1995 opinionem
985 1917 1094 1974 civium
1117 1921 1198 1973 tanta
1220 1914 1371 1974 celeritate

194 2016 331 2092 introire,
359 2021 393 2073 ut
422 2012 527 2072 Graeci
554 2015 603 2072 vix
627 2032 717 2074 naves
741 2014 901 2074 ascendere
926 2021 956 2073 el
977 2015 1009 2072 in
1036 2012 1127 2072 altum
1153 2015 1285 2090 provecti
1309 2031 1371 2072 ser·

193 2114 256 2173 vari
279 2119 409 2190 possent.
456 2110 566 2171 Urbem
596 2119 792 2190 expugnatam
815 2112 916 2172 hostes
945 2110 1141 2190 diripuerunt.
1190 2110 1278 2170 Brevi
1305 2119 1372 2189 post

195 2220 224 2271 et
248 2210 573 2288 Sabratamceperunt,
593 2209 669 2288 quod
696 2210 836 2289 oppidum
860 2213 957 2288 primo
980 2212 1094 2288 impetu
1118 2227 1293 2288 oppressum
1318 2217 1371 2271 est.

193 2309 255 2370 Hoc
279 2308 399 2388 quidem
423 2316 556 2386 tempore
574 2307 686 2368 Arabes
710 2327 769 2368 non
793 2307 910 2386 longius
934 2316 1153 2387 processerunt,
1178 2307 1230 2367 sed
1244 2307 1374 2366 Ambrus

193 2409 277 2468 iussu
301 2405 392 2466 Omar
415 2405 537 2466 chalilae
562 2408 725 2466 exercitum
748 2409 780 2465 in
803 2407 967 2486 Aegyptum
991 2405 1117 2465 reduxit.

439 2633 484 2697 De
507 2633 665 2698 lllanuelis
689 2633 854 2716 Aegyptia
878 2630 1121 2720 expeditione.⁵)

283 2781 440 2860 Aliquanto
468 2789 535 2859 post
564 2779 668 2841 Graeci
691 2781 822 2859 Aegypto
850 2782 959 2840 iterum
986 2781 1110 2858 potituri
1140 2798 1204 2839 esse
1233 2779 1373 2839 videban-

195 2889 252 2940 tur.
295 2878 423 2940 Othman
442 2878 548 2939 clralila
566 2887 723 2957 postquam
743 2877 859 2956 Omero,
881 2880 933 2956 qui
951 2880 1072 2938 ineunte
1092 2877 1252 2938 Novembri
1270 2895 1373 2938 mense

195 2979 265 3038 anni
285 2975 351 3038 644
370 2978 545 3037 interiectus
560 2971 666 3060 erat⁶),
686 2977 838 3054 successit,
857 2975 1000 3036 Ambrum
1015 2975 1078 3038 loco
1093 2976 1234 3054 praelecti
1249 2975 1373 3055 Aegypti

194 3078 286 3136 movit
313 3084 343 3136 et
370 3083 460 3135 totam
484 3077 666 3153 provinciam
686 3071 835 3136 ‘Abdallae
861 3074 921 3136 tilio
941 3073 1012 3154 Sad,
1037 3076 1145 3154 quippe
1171 3093 1259 3154 quem
1283 3073 1375 3135 Omar

195 3183 279 3235 antea
303 3173 433 3252 Aegypto
463 3175 610 3252 superiori
633 3174 838 3251 praefecisset,
867 3172 1131 3234 administrandam
1154 3173 1266 3234 tribuit.
1313 3173 1373 3233 lla·

196 3290 325 3350 gnopere
344 3272 479 3350 Aegyptii
498 3271 626 3349 tributis,
650 3290 725 3349 quae
744 3271 887 3350 Agarenis
907 3271 1045 3331 solvenda
1066 3277 1158 3348 erant,
1178 3273 1275 3331 venati
1294 3279 1373 3331 sunt.

197 3368 287 3430 Omar
302 3372 380 3430 enim
392 3368 534 3429 Ambrum
548 3369 731 3447 praelectum
741 3369 824 3430 valde
839 3372 958 3448 pressit,
972 3377 1005 3429 ut
1020 3387 1108 3447 quam
1122 3367 1250 3446 plurima
1264 3368 1373 3428 tributa

196 3468 231 3528 ab
247 3468 353 3528 incolis
373 3476 506 3528 sumeret
525 3475 555 3527 et
573 3469 601 3526 ei
615 3468 756 3527 mitteret.
786 3467 919 3546 Scriptor
934 3476 1200 3546 contemporaneus
1214 3467 1372 3528 vehemen-

195 3573 242 3626 ter
261 3573 384 3644 questus
404 3575 449 3625 est
469 3565 504 3625 de
525 3567 666 3643 gravitate
687 3565 875 3643 tribulorum,
895 3583 952 3644 qua
972 3573 1091 3644 praeter
1110 3564 1240 3643 reliquos
1259 3565 1373 3642 Aegyp·

196 3665 253 3724 tios
277 3665 424 3742 imprimis
448 3662 639 3724 Alexandrini
662 3657 908 3746 premerentur.⁷)
955 3663 993 3723 Et
1016 3682 1083 3723 cum
1103 3661 1230 3723 Othman
1255 3657 1373 3722 ‘Abdu-

195 3761 253 3821 lam
281 3762 411 3838 Aegypto
439 3761 628 3840 praeficeret,
658 3761 788 3838 speravit
815 3759 898 3820 illum
927 3769 1098 3821 curaturum
1123 3779 1203 3838 esse,
1226 3767 1260 3819 ut
1283 3760 1372 3819 etiam

195 3862 324 3919 maiores
351 3861 495 3937 pecuniae
524 3858 666 3919 redirent.
717 3858 818 3937 ltaque
848 3877 907 3918 non
936 3866 982 3918 est
1004 3860 1127 3936 mirum,
1156 3857 1234 3936 quod
1258 3855 1373 3916 incolae

196 3958 410 4036 flagitaverunt,
429 3965 463 4018 ut
481 3958 537 4017 hoc
557 3957 630 4018 duro
651 3959 776 4036 imperio
796 3955 1003 4034 liberarentur,
1023 3963 1053 4014 et
1070 3955 1227 4033 permultis
1242 3953 1374 4032 Graecis,

285 4158 310 4226 1)
330 4155 449 4210 Ioannes
467 4155 528 4209 Nic.
548 4174 575 4224 p.
596 4161 655 4210 583.
730 4158 756 4225 2)
775 4155 847 4210 Ibid.
913 4157 939 4225 3)
959 4153 998 4207 cf.
1018 4152 1138 4206 Butler
1156 4170 1183 4221 p.
1194 4158 1246 4206 428
1266 4154 1330 4206 adn.
1348 4159 1371 4206 1.

284 4237 311 4306 4)
330 4235 373 4289 De
396 4235 449 4288 huc
473 4236 652 4305 expeditione
676 4235 803 4290 conferas
826 4235 927 4304 Weil,
954 4233 1121 4288 Geschichte
1144 4232 1192 4286 des
1212 4231 1340 4288 Chaliten
1359 4231 1372 4284 l

193 4333 220 4384 p.
242 4321 357 4384 123sq.;
375 4315 496 4370 Butler
514 4334 541 4384 p.
561 4321 691 4384 tt‘lsqq,
710 4316 759 4384 qui
778 4315 988 4369 accuratissime
1007 4329 1067 4367 rem
1086 4313 1227 4366 tractavit.

284 4398 311 4465 ὁ)
332 4395 371 4449 Cf.
392 4395 481 4449 weil
499 4396 518 4450 l.
538 4413 561 4450 c.
581 4415 608 4464 p.
630 4401 764 4464 15‘1sqq.;
782 4395 904 4450 Butler
921 4413 949 4463 p.
969 4400 1089 4462 ddbsqq.

284 4478 311 4544 6)
331 4475 371 4530 Cf.
387 4475 475 4529 Weil
494 4476 512 4528 l.
532 4493 555 4529 c.
575 4495 602 4544 p.
624 4481 674 4529 130
690 4476 754 4530 adn.
770 4481 794 4528 3.
907 4478 931 4543 7)
950 4475 1067 4528 Ioannes
1087 4474 1148 4528 Nic.
1169 4492 1195 4541 p.
1216 4477 1277 4526 585.
