3304 5098
771 359 991 424 -38-

295 561 399 622 pacem
423 543 454 602 Α.
465 542 497 602 D.
514 538 607 622 oholi
633 543 653 602 i.
678 561 702 601 e.
727 541 831 602 eodem
859 549 1005 620 tempore,
1034 541 1112 620 quod
1142 560 1157 601 a
1182 540 1360 620 Theophane
1384 541 1476 600 tradi·

296 649 354 720 tur,
378 641 485 700 iactam
510 657 585 699 esse.
633 639 691 700 Sed
716 639 827 699 Sebeos
850 642 914 718 ipse
940 639 975 700 de
999 647 1133 718 tempore
1156 641 1239 718 pacis
1258 657 1316 699 non
1337 645 1475 699 accurate

296 737 432 798 eruditus
456 738 548 797 fuisse
572 737 703 818 videtnr;
728 739 838 798 etenim
862 737 953 798 altero
973 731 1070 820 10001)
1090 737 1267 798 undecimus
1287 756 1391 815 annus,
1415 745 1474 798 ter-

295 838 337 896 tio
360 835 425 896 loco
449 855 544 896 annus
568 837 675 896 tertius
700 829 866 918 decimus²)
891 836 1010 912 imperii
1033 833 1220 895 Constantini
1243 834 1392 914 proditur,
1417 853 1474 913 quo

295 933 406 995 bellum
435 941 609 994 renovatum
638 936 684 993 sit
731 931 768 992 Ni
797 932 895 1010 lallcr,
925 931 960 992 de
984 931 1016 992 Α.
1029 931 1061 992 ll.
1086 927 1181 1014 650s1
1208 932 1398 1011 cogitandum
1421 939 1474 992 est.

296 1031 491 1111 Theophanes
515 1032 607 1091 refert
631 1033 826 1090 constitutum
850 1049 925 1108 esse,
944 1037 978 1090 ut
1000 1048 1055 1108 pax
1082 1029 1155 1090 duos
1180 1049 1272 1090 annos
1297 1038 1475 1108 servaretur,

296 1149 364 1190 cum
389 1129 500 1190 Sebeos
525 1129 560 1189 de
585 1129 680 1189 trihus
705 1130 790 1188 annis
815 1127 902 1188 verba
928 1129 1024 1187 l'aciat.
1068 1127 1173 1188 Utrum
1194 1130 1233 1188 sit
1251 1147 1363 1207 verum,
1387 1127 1474 1207 plane

297 1227 454 1288 diiudicari
478 1229 591 1306 nequit,
614 1228 793 1305 praesertim
813 1245 881 1286 cum
900 1228 958 1285 iam
979 1244 1056 1286 anno
1076 1229 1222 1304 sequenti,
1246 1235 1279 1286 ut
1298 1227 1374 1286 infra
1395 1225 1475 1285 vide·

295 1325 403 1403 bimuS,
428 1324 534 1385 Graeci
559 1332 588 1384 et
610 1324 722 1384 Arabes
746 1327 777 1384 in
801 1325 940 1384 Armenia
963 1323 1074 1383 bellum
1098 1343 1171 1402 pace
1195 1331 1353 1384 mutarent.

386 1423 471 1484 Circa
500 1422 573 1483 illud
601 1430 719 1501 tempus
748 1424 913 1482 coniuratio
943 1421 1048 1482 diffusa
1077 1424 1248 1500 principum
1271 1422 1475 1501 nobiliumque

295 1521 416 1600 imperii
438 1523 468 1580 in
494 1529 583 1599 caput
601 1522 791 1599 imperatoris
815 1521 892 1580 lacta
915 1529 968 1580 est.
1015 1520 1123 1580 Mirum
1146 1521 1221 1580 mihi
1244 1520 1370 1599 videtur,
1396 1521 1475 1600 quod

298 1618 333 1679 de
363 1619 418 1678 hac
449 1637 494 1695 re,
528 1637 602 1697 quae
633 1621 697 1680 sine
728 1617 816 1678 dubio
846 1621 960 1678 animos
985 1617 1166 1678 Graecorum
1195 1619 1278 1679 valde
1308 1621 1476 1697 commovit,

295 1715 396 1776 nullus
429 1718 558 1794 scriptor
590 1717 679 1777 huius
708 1718 837 1776 nationis
865 1715 1027 1795 quidquam
1057 1719 1217 1777 memoriae
1247 1716 1391 1798 prodidit3
1423 1717 1476 1777 sed

296 1815 328 1874 in
369 1816 539 1874 narratione
582 1813 670 1874 Sehei
713 1807 790 1896 (cap.
822 1808 880 1896 35)
918 1821 948 1874 et
987 1816 1019 1873 in
1060 1814 1125 1874 loco
1165 1817 1476 1892 „commemorationis

297 1931 409 1989 eorum,
430 1931 505 1990 quae
527 1919 591 1972 acta
611 1920 701 1972 sunt.
718 1957 724 1970 .
741 1958 747 1970 .
772 1915 803 1971 in
822 1929 928 1990 papam
943 1909 1122 1972 llartinum“
1137 1905 1277 1994 (Mansi,
1293 1911 1424 1972 Concilia
1441 1911 1475 1991 X,

296 2029 324 2088 p.
345 2005 409 2070 853
420 2004 498 2093 sqq.)
523 2009 719 2088 inspiciendis
739 2012 929 2088 acquiescere
950 2009 1100 2070 dehemus.
1143 2009 1216 2070 Cum
1235 2009 1380 2070 Martinus
1401 2029 1476 2089 papa

297 2107 552 2186 Constantinopoli
572 2107 702 2167 aTroilo
722 2107 871 2186 praelecto
892 2101 1126 2192 accusaretur³),
1146 2107 1225 2187 qnod
1244 2127 1313 2168 cum
1331 2107 1476 2188 Olympio,

297 2205 424 2266 exarcho
452 2205 566 2284 ltaliae,
598 2208 649 2284 qui
680 2213 783 2266 contra
811 2205 1038 2272 Constantinum
1067 2205 1260 2266 rebellionem
1290 2206 1478 2284 conflaverat,

297 2305 537 2381 conspiravisset,
562 2310 591 2363 et
615 2306 863 2382 interrogaretur,
892 2323 946 2364 cur
973 2303 1055 2364 illius
1084 2304 1243 2364 tumultum
1267 2322 1327 2363 non
1350 2303 1476 2382 impedi·

296 2403 397 2480 visset,
420 2400 520 2460 verbis
543 2420 616 2461 usus
641 2419 706 2461 esse
730 2403 810 2461 inter
833 2401 889 2461 alia
910 2401 1019 2463 dicitur
1041 2403 1104 2462 his:
1127 2404 1206 2478 „Dic
1225 2405 1345 2463 domine
1368 2403 1476 2478 Troile,

296 2502 419 2575 quando
442 2504 523 2559 sicut
545 2504 630 2560 scitis
654 2505 746 2560 ettam
770 2517 821 2560 vos
845 2508 874 2560 et
892 2517 947 2560 nos
966 2502 1146 2576 audicimus
1174 2501 1322 2576 Georgius
1342 2519 1361 2560 u
1380 2505 1476 2576 mapi-

296 2600 456 2672 strutlbuS,
487 2602 540 2672 qui
568 2605 636 2658 erut
665 2617 704 2658 ex
734 2601 891 2659 monachis
918 2603 1074 2672 cupressus
1103 2607 1146 2660 est
1173 2601 1234 2659 leuc
1262 2603 1294 2658 iu
1323 2601 1428 2659 urbem
1457 2617 1477 2658 a

297 2700 417 2770 cestria,
442 2704 471 2756 et
494 2699 570 2756 tulta
594 2699 687 2757 verbu
711 2700 829 2756 loeutus
853 2704 896 2756 est
916 2697 1052 2772 fecitque
1076 2714 1125 2757 res
1149 2701 1241 2768 tules;
1274 2699 1327 2757 ubi
1350 2714 1421 2756 erus
1444 2703 1477 2756 tu

297 2801 326 2854 et
349 2798 403 2868 qui
424 2801 496 2853 sunt
519 2803 625 2872 tecum,
650 2799 792 2869 quonium
816 2812 877 2854 non
898 2798 1052 2855 restitistis
1076 2799 1113 2872 ei,
1136 2798 1191 2855 sed
1208 2802 1335 2855 econtra
1355 2799 1476 2854 concio·

297 2900 388 2951 nutus
411 2894 561 2952 estuante
584 2900 613 2952 et
636 2910 710 2967 quos
733 2896 827 2952 uoluit
844 2895 961 2968 palatii
984 2896 1121 2953 exulavit
1143 2900 1172 2953 et
1186 2890 1389 2969 prolttbua't?“
1433 2890 1477 2951 En

297 2988 345 3048 his
382 2996 481 3049 autem
518 2989 617 3049 verbis
650 3008 743 3068 papae
780 2989 859 3050 haud
896 2991 937 3049 ita
974 2989 1100 3050 multum
1137 2989 1275 3068 colligere
1308 3008 1476 3068 possumus.

297 3085 415 3146 Troilus
444 3086 515 3146 licet
542 3106 576 3147 ea
607 3087 879 3166 comprehenderit,
908 3105 962 3146 nos
991 3087 1112 3166 quidem
1141 3107 1175 3148 ex
1205 3107 1308 3148 eornm
1337 3094 1478 3148 contextu

297 3183 373 3244 nihil
405 3185 533 3262 amplius
566 3185 685 3245 elticere
718 3204 890 3264 possumus,
924 3187 983 3244 nisi
1010 3183 1170 3264 Georgium
1198 3184 1359 3264 quendam,
1389 3204 1476 3264 quem

298 3280 409 3342 Sebeos
433 3281 607 3361 Magistrum
632 3282 715 3361 dicit,
739 3285 907 3362 principem
927 3285 1140 3344 coniurationis
1164 3271 1257 3343 luisse
1281 3301 1477 3362 magnamque

298 3378 356 3439 sihi
378 3383 540 3458 potentiam
565 3383 713 3441 ascivisse.
1360 3363 1364 3372 ¹

386 3477 476 3537 Paulo
501 3481 668 3539 accuratius
697 3479 733 3539 ab
756 3481 895 3540 Armenio
925 3483 1064 3559 episcopo
1089 3480 1239 3540 docemur.
1287 3479 1346 3539 Sed
1369 3482 1479 3540 iterum

299 3574 458 3636 dolendum
478 3583 524 3636 est
543 3579 632 3637 etiam
650 3578 739 3637 huius
759 3585 930 3638 contextum
950 3597 1009 3638 non
1028 3581 1088 3638 nisi
1106 3585 1279 3656 corruptum
1294 3577 1330 3638 ad
1345 3586 1478 3638 nostram

299 3679 423 3733 aetatem
447 3668 603 3758 venissest)
655 3674 735 3745 Quae
764 3676 854 3736 luerit
882 3695 971 3736 causa
994 3678 1221 3755 coniurationis,
1249 3695 1309 3736 non
1332 3675 1478 3754 proditur.

298 3771 383 3831 Haud
411 3773 472 3832 scio
502 3790 539 3831 an
566 3767 687 3856 nobiles]
711 3772 903 3834 Constantino
931 3776 999 3834 irati
1025 3774 1138 3834 luerint
1159 3781 1283 3852 propter
1306 3792 1411 3852 pacem
1435 3777 1478 3852 ig·

298 3871 496 3930 nominiosam
520 3889 609 3948 quam
632 3873 805 3950 nuperrime
830 3871 866 3932 ab
890 3874 1032 3951 Agarenis
1057 3879 1220 3950 acceperat.
1268 3869 1478 3932 Coniuratione

299 3975 398 4028 autern
421 3967 568 4047 patefacta
590 3968 677 4028 multi
701 3987 813 4048 eorum,
837 3971 889 4048 qni
913 3972 941 4029 ei
964 3971 1138 4048 intererant,
1163 3968 1280 4048 culpam
1300 3971 1396 4048 capite
1415 3969 1478 4029 lue-

300 4072 376 4124 runt.
424 4063 536 4124 Seheos
560 4064 680 4143 quidem
700 4085 803 4126 omnes
823 4067 937 4127 nobiles
960 4085 1026 4128 esse
1046 4069 1160 4127 occisos
1179 4085 1276 4146 neque
1296 4066 1390 4126 ullum
1410 4085 1479 4127 con-

390 4310 415 4377 1)
434 4308 475 4360 Id.
495 4327 521 4376 p.
544 4313 602 4361 139.
712 4311 738 4379 2)
757 4309 797 4363 Id.
817 4328 844 4378 p.
866 4315 926 4364 140.
1035 4314 1061 4379 3)
1082 4310 1123 4363 De
1142 4311 1194 4363 hac
1212 4328 1242 4364 rc
1262 4310 1328 4365 vide
1346 4310 1429 4364 infra.

388 4392 415 4456 4)
436 4387 475 4441 cf.
496 4387 750 4442 Hiibschmenn:
776 4390 830 4444 Zur
854 4389 1022 4444 Geschichte
1045 4391 1211 4446 Armeniens
1235 4393 1294 4446 und
1319 4392 1369 4445 der
1388 4395 1481 4446 ersten

299 4467 402 4537 Kriege
417 4468 467 4522 der
481 4469 601 4534 Araban
622 4470 680 4521 Aus
696 4469 760 4522 dem
775 4469 977 4524 Armenisohen
992 4471 1040 4524 des
1052 4471 1155 4526 Sebeoa
1171 4471 1297 4541 (Leipzig
1308 4477 1377 4526 1875
1387 4490 1415 4540 p.
1427 4475 1480 4542 29).
