3304 5098
680 312 904 376 ..57-

204 493 349 575 Synodus,
373 513 447 574 quae
472 493 689 556 consessionem
708 493 828 554 concilii
846 493 1094 555 Chalcedonensis
1114 496 1293 555 confirmans
1313 494 1381 556 doc·

204 595 313 653 trinam
347 592 472 654 duarum
503 592 687 653 voluntatum
716 591 842 670 addidit,
874 594 979 671 viginti
1007 591 1171 653 canonibus
1200 611 1283 654 suam
1312 612 1381 654 eon·

204 690 365 752 sessionem
383 690 502 770 plenam
522 684 715 773 explicavit.¹)
753 690 825 750 Acta
844 697 873 750 et
892 689 1018 770 epistula
1037 690 1185 770 encyclica
1205 690 1241 751 ad
1258 709 1382 770 „omnes

204 787 315 850 Christi
338 786 461 850 fideles“
483 790 658 849 transmissa
682 781 788 870 smol)
831 787 925 868 Atque
946 787 1072 868 epistula
1091 787 1239 867 errcyclica
1261 789 1382 868 quidem

204 886 361 950 christiani
371 886 576 965 admonentur,
591 894 625 946 ut
635 888 712 946 sicut
722 885 852 965 synodus
863 904 905 965 ea,
916 905 991 966 quae
1001 895 1101 965 patres
1112 886 1291 966 docuissent,
1301 905 1381 948 com·

204 983 339 1063 probent,
362 984 501 1045 haeresin
520 1002 590 1044 vero
611 991 641 1044 et
659 984 792 1044 ecthesin
812 993 842 1044 et
860 991 962 1064 typum
982 993 1012 1045 et
1030 1004 1089 1064 eos,
1109 987 1160 1064 qui
1179 984 1252 1045 haec
1271 986 1382 1064 scripta

205 1081 406 1162 comprobent,
432 1081 617 1143 detestentur
640 1100 713 1142 neve
738 1081 773 1142 ad
797 1082 885 1142 iidem
908 1083 1127 1144 haereticorum
1146 1081 1296 1144 accedant.

294 1179 438 1241 Martinus
471 1182 560 1241 etiam
589 1178 781 1240 Constantino
814 1187 878 1240 acta
911 1180 1029 1241 concilii
1061 1182 1155 1262 misit3
1189 1182 1291 1260 eisque
1320 1182 1382 1260 epi-

206 1276 312 1338 stulam
345 1277 458 1339 addidit
492 1298 549 1358 qua
582 1280 794 1357 imperatorem
822 1280 1064 1339 reverentissime
1092 1278 1236 1339 allocutus
1265 1277 1301 1339 de
1329 1281 1382 1357 eis,

205 1393 279 1454 quae
304 1375 434 1456 synodus
458 1378 620 1455 constituit,
644 1377 803 1436 certiorem
826 1375 905 1436 lecit.
947 1376 1008 1437 Sub
1032 1379 1116 1438 initio
1141 1376 1284 1457 epistulae
1306 1375 1382 1437 Con·

204 1475 367 1534 stantinum
396 1473 567 1535 adhortatus
597 1481 654 1553 est,
682 1483 716 1534 ut
744 1493 812 1534 cum
840 1474 966 1535 concilio
994 1475 1105 1536 iaciens
1133 1475 1300 1536 haereticos
1323 1493 1383 1535 una

204 1589 272 1632 curn
295 1573 413 1632 haeresi
437 1571 597 1649 damnaret,
621 1571 813 1632 orthodoxam
837 1580 935 1633 autem
959 1573 1048 1634 sidem
1071 1575 1208 1634 sanciret

295 1669 469 1731 Addendum
492 1669 567 1730 mihi
589 1668 708 1730 videtur
730 1670 785 1730 hae
804 1672 834 1729 in
856 1669 981 1749 epistula
1000 1671 1091 1732 veluti
1110 1670 1175 1732 aliis
1194 1670 1268 1731 locis
1287 1672 1382 1749 scrip·

206 1775 301 1829 torum
340 1766 515 1828 traditorum
553 1768 727 1845 imperatori
760 1786 947 1848 nequaquam
980 1768 1139 1848 opprobrio
1172 1787 1239 1830 esse
1273 1767 1382 1847 datum,
1489 1777 1491 1782 '

204 1865 283 1945 quod
306 1874 408 1945 typum
432 1864 587 1944 edidisset,
616 1864 725 1926 nedum
750 1866 879 1945 synodus
903 1865 1127 1926 Constantinum
1151 1874 1309 1944 propterea
1332 1883 1382 1925 ex·

204 1971 319 2024 secreta
346 1966 394 2024 sit.
440 1963 533 2024 lmmo
556 1965 655 2042 potius
679 1982 799 2043 semper
821 1966 852 2024 in
876 1963 999 2024 Paulum
1023 1963 1119 2024 solum
1143 1963 1178 2024 ab
1202 1963 1382 2023 adversariis

204 2056 320 2141 culpam
353 2060 524 2122 translatam
557 2079 623 2122 esse
656 2064 833 2122 invenimus.
884 2061 961 2132 Quin
994 2061 1049 2121 hac
1077 2063 1108 2121 iu
1139 2060 1265 2140 epistula
1293 2059 1381 2121 modo

204 2161 292 2220 citata
324 2158 468 2219 Martinus
505 2160 715 2238 imperatorem
753 2159 839 2239 culpa
875 2159 1032 2220 haereseos
1068 2177 1192 2239 prorsus
1229 2158 1382 2220 absolvere

205 2256 318 2336 studet,
351 2275 419 2317 cum
453 2257 580 2318 altirmat
607 2255 730 2318 Paulum
761 2258 903 2335 „nefarie
936 2260 1064 2319 auribus
1092 2262 1285 2335 imperatoris
1311 2259 1381 2318 sub·

204 2355 360 2432 repsisse“‚
384 2363 417 2415 ut
440 2363 542 2434 typum
566 2355 776 2435 promulgaret,
800 2360 900 2435 „sicut
924 2357 1052 2432 Sergius
1074 2359 1144 2417 olim
1167 2358 1308 2417 Heraclii
1331 2359 1383 2417 avi

205 2455 333 2514 auribus
355 2453 581 2530 subrepsisset“,
604 2459 638 2512 ut
661 2453 794 2514 ecthesin
819 2447 963 2538 ederet.³)
1001 2453 1163 2514 bitheletas
1183 2461 1288 2532 autem,
1313 2472 1382 2514 cnm

206 2552 416 2630 imperatorem
440 2553 502 2630 typi
526 2559 678 2628 expertem
703 2550 846 2629 dicerent,
870 2551 1055 2612 simulavisse
1079 2569 1254 2630 persuasum
1277 2551 1381 2630 babeo,

205 2650 275 2728 quia
297 2650 507 2728 imperatorem
526 2649 613 2708 veriti
633 2647 775 2710 detestari
798 2667 859 2709 non
878 2649 1030 2710 auderent.
1072 2648 1145 2709 Nam
1167 2667 1198 2709 re
1218 2667 1286 2709 vera
1305 2648 1381 2710 Con·

204 2747 351 2808 stantinus
375 2764 434 2806 non
458 2745 553 2807 solum
577 2735 644 2806 cum
668 2746 772 2825 Paulo,
800 2767 868 2807 cum
887 2755 989 2827 typum
1008 2755 1197 2826 proponeret,
1221 2749 1381 2826 consensit,

204 2843 257 2905 sed
285 2846 374 2906 ctiam
403 2852 516 2904 certum
546 2851 575 2904 et
608 2843 761 2904 decretum
794 2846 822 2905 ei
850 2845 907 2905 fuit
934 2844 1071 2905 omnibus
1100 2844 1195 2904 modis
1229 2846 1315 2923 eniti,
1348 2853 1382 2906 ut

205 2949 292 3022 typus
317 2961 389 3003 snus
413 2942 490 3022 apud
514 2942 699 3003 adversarios
718 2943 836 3003 valeret

293 3039 367 3100 Cum
396 3039 606 3102 Constantinus
643 3040 831 3119 intellegeret
868 3040 1023 3100 ditheletas
1056 3059 1109 3101 sua
1142 3049 1246 3120 sponte
1279 3052 1381 3120 typum

203 3157 263 3199 non
286 3137 463 3218 probaturos
487 3157 562 3216 esse,
585 3157 644 3198 non
669 3138 812 3200 dubitavit
829 3140 859 3198 vi
882 3145 912 3198 et
935 3141 1026 3199 armis
1047 3137 1172 3199 clericos
1192 3147 1382 3200 contumaces

203 3236 240 3296 ad
276 3236 452 3315 obsequium
490 3235 646 3296 adducere.
706 3237 808 3316 ltaque
840 3233 1008 3316 Olympium
1044 3235 1273 3314 cubicularium,
1310 3235 1381 3298 dum

204 3333 333 3412 synodus
360 3333 483 3394 llomam
512 3343 688 3412 congregata
717 3343 792 3414 erat,
820 3337 852 3395 in
880 3333 1005 3413 ltaliam,
1038 3337 1087 3395 cui
1115 3337 1284 3414 provinciae
1312 3353 1381 3396 eum

203 3430 267 3492 loco
299 3431 429 3491 Platonis
462 3432 581 3492 exarchi
614 3433 769 3511 praeierit,
802 3435 884 3494 misit
916 3441 946 3493 et
977 3433 1066 3492 iussit
1098 3450 1165 3492 eum
1197 3449 1315 3510 curare,
1347 3439 1382 3492 ut

203 3531 350 3608 episcopi,
383 3548 585 3610 possessores,
618 3530 811 3608 habitatores,
844 3532 995 3609 peregrini
1028 3538 1130 3608 typum
1163 3529 1381 3608 subscriptione

202 3625 375 3708 probarent3
403 3627 562 3689 Martinam
590 3647 660 3690 vero
689 3647 794 3708 papam
823 3627 1024 3706 prehenderet
1051 3635 1081 3687 et
1108 3630 1138 3687 in
1167 3626 1304 3688 omnibus
1333 3646 1380 3688 ec·

202 3723 302 3785 clesiis
330 3733 432 3804 typum
461 3728 580 3787 recitari
608 3725 735 3787 iuberet.
782 3725 840 3787 Sed
867 3727 1041 3804 priusquam
1070 3725 1181 3804 aliquid
1204 3727 1380 3805 susciperet,

203 3824 399 3903 experiretur,
422 3822 495 3902 quid
518 3825 619 3902 copiae
644 3822 680 3884 de
704 3822 759 3883 bac
782 3840 815 3882 re
840 3825 994 3884 sentirent.
1032 3823 1063 3884 Si
1082 3822 1192 3883 milites
1211 3841 1227 3883 a
1246 3822 1380 3902 partibus

202 3919 440 3982 adversariorum
462 3929 541 3981 stare
560 3923 755 4000 cognovisset,
779 3919 929 3982 silentium
950 3929 1073 4000 teneret,
1098 3921 1190 3981 donec
1209 3920 1330 3982 Romam
1351 3929 1381 3982 et

201 4017 371 4080 Ravennam
395 4020 559 4080 exereitum
583 4021 738 4098 coegisset,
763 4021 814 4098 qui
837 4021 894 4099 ipsi
919 4018 1036 4080 deditus
1061 4013 1182 4103 essetf)

293 4183 318 4251 1)
337 4179 448 4235 blansi
466 4180 492 4234 X
509 4199 537 4251 p.
557 4187 634 4235 1151.

290 4263 317 4331 2)
337 4259 447 4316 blansi
466 4260 491 4314 X
509 4280 535 4331 p.
557 4267 633 4316 1170.
744 4265 770 4332 3)
791 4262 825 4317 cl.
845 4262 955 4317 Manui
974 4262 999 4316 X
1019 4269 1078 4317 794.

291 4343 318 4410 4)
336 4340 398 4396 Hoc
420 4343 602 4412 praeceptum
624 4341 804 4412 imperatorie
828 4341 959 4412 Olympio
982 4343 1080 4398 datum
1105 4342 1141 4396 ab
1167 4345 1281 4397 auctore
1306 4343 1380 4396 vitae

200 4419 319 4476 Martini
338 4421 397 4492 (lib.
416 4420 517 4490 pontif.
537 4425 766 4494 p.182,11sqq.)
786 4423 914 4478 traditan.
