3304 5098
655 358 875 421 ..13-

181 546 311 604 narratio
335 550 492 622 propterea
518 543 616 619 magni
640 539 821 600 aestimanda
846 548 900 618 est,
925 539 1003 618 qnod
1027 543 1156 618 scriptor
1173 538 1357 618 temporibus

182 661 258 722 quae
277 649 386 701 tractat
408 642 481 699 vixit
504 649 533 700 et
556 641 664 718 partim
684 637 774 698 rebus
793 640 885 716 gestis
905 657 980 716 quae
1000 637 1167 717 produntur
1185 637 1357 698 interfuisse

181 741 307 800 videtur.
346 739 518 799 Memoriam
538 740 602 798 eius
621 738 827 816 gravissimam
846 744 877 796 et
891 755 978 814 saepe
993 745 1208 815 repugnantem
1228 737 1358 814 scriptis,

182 857 258 917 quae
273 838 365 898 multo
384 844 453 916 post
467 853 515 896 res
530 838 610 915 lpsas
630 845 728 914 gestas
747 834 783 894 ab
803 834 930 894 arabicis
949 834 1120 895 auctoribus
1140 836 1301 913 composita
1322 832 1358 892 ad

182 955 237 996 nos
260 942 414 1012 venerunt,
437 934 469 994 Α.
488 933 513 993 J.
533 933 659 995 Butler
681 935 713 992 in
736 931 812 992 libro
832 934 884 1010 qui
902 932 1077 992 inscribitur
1099 932 1179 1011 „The
1199 931 1269 992 arab
1289 949 1358 991 con-

183 1041 271 1113 quest
293 1034 326 1093 ol
350 1033 446 1112 Egypt
474 1031 532 1091 and
555 1032 606 1092 the
630 1031 687 1091 last
716 1049 801 1110 years
830 1031 863 1090 ol
887 1031 937 1090 the
964 1030 1078 1090 Roman
1107 1031 1257 1091 dominion
1286 1023 1358 1112 (Ox-

183 1131 248 1192 lord
269 1125 390 1215 1902)“
412 1130 530 1210 plenam
554 1129 725 1189 adhibuisse
745 1137 774 1189 et
793 1131 965 1189 concoxisse
984 1129 1058 1188 mihi
1072 1128 1197 1188 videtur.
1233 1128 1359 1187 loannes

181 1237 336 1309 praeterea
360 1231 391 1288 in
414 1228 549 1307 partibus
573 1227 863 1305 contextuireliquo
887 1229 1038 1305 immixtis
1062 1245 1137 1306 quae
1156 1226 1206 1286 illo
1225 1234 1359 1304 tempore

183 1326 438 1405 Constantinopoli
454 1325 625 1404 acciderint,
644 1332 752 1386 narrat.
785 1325 880 1403 Atque
895 1325 949 1384 hae
968 1332 1068 1404 partes
1088 1324 1124 1385 de
1143 1326 1269 1403 imperio
1285 1323 1359 1383 Con·

183 1427 306 1486 stamini
324 1425 350 1484 ll
379 1433 408 1485 et
436 1426 589 1484 exactione
612 1423 754 1483 Martinae
783 1423 971 1501 liliorumque
1001 1430 1030 1483 et
1054 1422 1143 1482 rebus
1167 1442 1183 1482 a
1206 1421 1360 1482 Valentino

183 1525 276 1602 gestis
299 1532 429 1601 agentes,
453 1541 528 1602 quae
552 1521 631 1582 haud
655 1523 715 1582 seio
740 1540 776 1581 an
801 1521 837 1580 ad
857 1519 1002 1581 Graecum
1024 1521 1136 1581 iontem
1157 1528 1360 1599 contempora-

183 1621 242 1680 lem
257 1619 388 1698 redeant,
407 1623 540 1682 omnium
555 1627 721 1679 ceterarum
736 1621 940 1678 narrationum
955 1618 1063 1698 quibus
1078 1617 1199 1678 eaedem
1216 1636 1265 1678 res
1284 1626 1360 1677 trae-

183 1726 284 1780 tantur
307 1718 393 1796 longe
416 1718 585 1778 uberrimae
610 1725 691 1797 sunt3
716 1726 746 1777 et
768 1736 836 1776 oum
859 1735 919 1776 non
937 1718 979 1776 ita
997 1716 1090 1776 multo
1109 1723 1174 1795 post
1194 1735 1243 1776 res
1262 1724 1360 1794 gestas

185 1819 370 1896 conscriptae
395 1834 460 1877 esse
484 1815 648 1893 videantur,
672 1817 800 1874 maxima
823 1816 982 1874 auctoritas
1007 1816 1051 1874 eis
1073 1814 1205 1874 debetur.
1252 1813 1295 1873 Ex
1314 1814 1361 1873 bis

186 1921 282 1974 autem
307 1932 366 1974 non
390 1913 485 1973 solum
510 1912 546 1973 de
565 1912 667 1972 multis
687 1912 813 1990 singulis
836 1911 926 1972 rebus
950 1931 1076 1991 quarum
1096 1914 1126 1971 in
1146 1911 1211 1972 aliis
1231 1911 1361 1972 lontibus

185 2012 265 2074 nulla
284 2013 395 2072 mentio
415 2011 448 2070 dt
468 2010 618 2089 docemur,
638 2010 794 2070 sedetiam
809 2012 969 2088 imaginem
984 2009 1144 2070 multarum
1159 2027 1259 2070 rerum
1275 2009 1361 2088 longe

185 2110 272 2170 aliam
300 2116 388 2187 atque
412 2108 604 2168 illustriorem
636 2109 748 2186 lingere
772 2107 851 2187 lieet,
879 2127 967 2186 quam
997 2107 1092 2168 adbuc
1120 2110 1282 2186 scriptores
1310 2109 1362 2186 qui

184 2208 324 2268 loannem
351 2207 484 2267 nondum
511 2214 658 2266 noverunt
685 2206 742 2266 sibi
766 2207 863 2267 lacere
886 2214 1055 2286 potucmnt.

273 2306 368 2385 Atque
402 2306 550 2383 imprimis
578 2306 715 2364 existimo
748 2324 828 2365 nunc
861 2303 896 2364 de
925 2312 1020 2364 morte
1049 2304 1233 2365 Constantini
1257 2304 1283 2364 ll
1306 2306 1361 2363 im-

185 2405 344 2482 peratoris,
367 2401 497 2463 Heraclii
521 2402 582 2481 lilii,
607 2421 666 2461 non
689 2405 748 2462 iam
770 2419 858 2480 possa
884 2401 1021 2462 dubitari.
1069 2401 1142 2462 Cum
1166 2401 1277 2463 Sebeos
1301 2421 1362 2462 om-

185 2519 298 2580 nesque
323 2501 385 2561 lere
413 2500 464 2560 alii
492 2508 629 2560 auctores
648 2500 875 2561 Constantinum
894 2500 920 2559 ll
944 2519 959 2559 a
979 2499 1102 2560 Martina
1126 2519 1262 2580 noverca,
1286 2519 1362 2579 quae

185 2602 249 2679 ipsa
268 2601 427 2678 imperium
447 2607 608 2677 appeteret,
632 2599 823 2659 intersectum
843 2617 908 2658 esse
927 2597 1062 2677 prodant,
1086 2597 1193 2659 loanne
1212 2607 1288 2660 teste
1308 2601 1361 2659 im·

185 2703 305 2775 perator
334 2695 462 2756 naturali
492 2696 578 2756 modo
609 2716 625 2756 e
653 2698 712 2756 vita
743 2696 887 2756 discessit
935 2695 977 2755 Ex
1009 2698 1073 2756 eius
1103 2695 1202 2757 verbis
1233 2699 1362 2757 conicias

185 2813 254 2855 eum
278 2793 381 2855 morbo
404 2794 552 2872 pulmonis
576 2795 743 2854 conlectum
767 2789 875 2878 esse.¹)
922 2793 1003 2864 Quae
1027 2796 1170 2854 memoria
1193 2796 1362 2855 testimonio

186 2891 354 2970 Nicephori,
378 2894 430 2970 qui
453 2893 524 2952 item
548 2900 684 2952 accurate
709 2909 757 2952 res
780 2891 864 2951 brevi
886 2900 954 2970 post
972 2891 1101 2952 Heraclii
1120 2900 1246 2952 mortem
1265 2900 1363 2970 gestas

186 2997 301 3067 tractat,
325 2989 543 3050 corroboratur.
551 2984 577 3072 ²)

275 3087 387 3148 lleinde
416 3087 515 3148 verbis
539 3088 655 3148 loannis
679 3087 765 3148 Nioiu
794 3087 946 3166 seditioni,
977 3106 1053 3166 quae
1077 3095 1179 3148 contra
1203 3091 1362 3168 imperium

186 3185 367 3246 Heraclonae
397 3186 598 3265 blartinaeque
634 3188 738 3246 matris
772 3186 896 3246 conllata
921 3193 978 3264 est,
1016 3193 1172 3247 eteorum
1196 3185 1364 3266 expulsioni

187 3283 238 3344 lux
252 3283 394 3346 adfertur.
431 3285 540 3345 loanne
560 3292 679 3345 auctore
698 3283 844 3344 tumultus
862 3283 909 3344 bis
928 3291 1032 3344 contra
1050 3283 1134 3344 illum
1153 3286 1363 3363 imperatorem

187 3384 312 3461 eiusque
332 3389 457 3444 matrem
477 3390 575 3443 motus
594 3389 648 3443 est.
694 3383 789 3461 Atque
812 3384 939 3460 primam
963 3381 1141 3442 seditionem
1160 3401 1226 3443 esse
1247 3383 1363 3444 conlec-

186 3487 259 3558 tam,
290 3487 445 3559 postquam
471 3480 506 3541 ab
530 3479 694 3542 Heraolona
718 3488 747 3540 et
771 3482 904 3541 exercitu
928 3479 1089 3540 rebellante
1113 3482 1211 3559 pactio
1235 3483 1310 3542 lacta
1334 3491 1364 3543 et

187 3575 412 3656 Constantinus,
445 3578 524 3639 tilius
555 3577 742 3638 Constantini
764 3578 799 3656 ll,
831 3580 930 3638 socius
953 3579 1071 3658 imperii
1100 3587 1287 3658 nuncupatus
1316 3581 1363 3640 sit.

187 3675 276 3735 Brevi
304 3685 402 3736 autem
429 3685 497 3756 post
524 3676 634 3737 bellum
665 3675 859 3736 domesticum
888 3675 984 3736 denuo
1009 3678 1156 3736 exarsisse
1181 3683 1268 3756 atque
1294 3686 1363 3739 tunc

189 3772 308 3834 demum
332 3773 524 3835 Heraclonam
551 3793 619 3834 eum
643 3776 705 3834 suis
729 3775 854 3852 imperio
879 3774 1026 3835 deiectum
1050 3782 1079 3834 et
1103 3774 1259 3854 expulsum
1288 3795 1363 3836 esse.

189 3869 299 3930 Sebeos
318 3870 438 3950 quidem
458 3872 531 3932 baec
556 3871 612 3932 duo
631 3878 780 3931 momenta
799 3870 869 3931 belli
893 3871 989 3932 civilis
1012 3890 1168 3952 perperam
1193 3866 1363 3956 conluditl)

189 3967 232 4028 Ea
255 3977 353 4030 autem
378 3987 480 4048 reapse
505 3968 686 4030 secernenda
716 3986 782 4029 esse
807 3971 895 4030 etiam
919 3989 935 4029 e
959 3969 1125 4050 Nicepboro
1149 3969 1254 4048 elucet,
1279 3973 1364 4031 euius

189 4065 278 4126 verba
302 4059 335 4150 (l.
351 4086 375 4127 e.
390 4086 418 4146 p.
434 4063 486 4144 29,
508 4063 548 4126 19
568 4061 638 4150 sqq)
663 4069 693 4126 in
717 4068 889 4128 universum
914 4070 1027 4147 primae
1052 4068 1190 4128 seditioni
1214 4087 1230 4128 a
1254 4067 1363 4129 loanne

189 4163 323 4244 proditae
347 4165 535 4244 respondent.
581 4164 707 4225 Posthac
726 4163 886 4243 Nicephori
910 4175 1080 4227 contextum
1105 4166 1208 4226 lacuna
1229 4185 1294 4226 esse
1315 4166 1364 4226 de·

280 4313 306 4378 1)
324 4311 354 4364 L.
374 4327 396 4364 c.
417 4329 443 4380 p.
464 4316 524 4365 565.

278 4391 305 4460 2)
324 4389 500 4461 Nicepboms
519 4390 562 4444 ed.
583 4390 622 4444 de
641 4390 740 4458 Beer,
759 4409 786 4460 p.
807 4395 968 4460 28‚19sqq.

278 4473 305 4540 3)
324 4469 354 4526 L.
374 4489 397 4526 e.
417 4489 443 4541 p.
466 4475 561 4537 103sq.
