3304 5098
669 301 890 365 -75-

189 489 219 546 in
250 488 325 546 fines
349 485 552 546 Sclavinorum
581 485 686 544 iactam
710 503 786 545 anno
806 484 909 544 mnndi
929 479 1016 544 6149
1032 510 1074 530 --
1089 483 1120 542 Α.
1140 481 1172 542 D.
1194 475 1289 562 657s8
1314 481 1367 541 tri·

189 585 263 662 buit,
283 592 439 663 antequam
460 584 495 644 de
513 585 659 662 pactione,
683 601 771 662 quam
790 581 883 642 blavia
907 581 942 641 ab
961 582 1140 659 imperatore
1159 582 1369 659 impetraverat

191 675 347 764 (autumno
372 702 395 742 a.
417 676 511 766 659),
539 680 629 741 verba
656 682 734 741 iacit.
786 679 844 740 Sed
872 679 950 740 baud
978 677 1119 739 credibile
1147 677 1265 738 videtur
1293 676 1367 737 Con·

190 782 361 858 stantinnm,
386 799 452 840 curn
477 778 588 840 bellum
611 778 734 839 haberet
757 797 825 838 cum
844 778 996 856 rigareniS,
1020 775 1170 837 Sclavinos
1195 793 1368 855 aggressum

191 897 265 938 esse.
312 878 404 938 Immo
427 876 610 956 probabilius
634 885 681 937 est
702 875 814 937 bellum
839 875 1017 936 Sclavininm
1041 883 1177 936 exortum
1201 891 1274 952 esse,
1299 892 1368 933 cum

191 975 297 1036 Graeci
319 978 487 1054 pactionem
510 994 578 1036 curn
597 974 689 1034 blavia
709 974 857 1034 iecissent.
895 973 989 1052 htque
1009 991 1113 1052 reapse
1133 972 1224 1051 Syrus
1243 969 1368 1032 Noelde·

194 1068 332 1158 kianus¹)
362 1080 392 1134 et
419 1073 497 1133 Elias
526 1066 719 1155 Nisibenush
750 1072 969 1150 expeditionem
999 1079 1100 1132 contra
1124 1069 1275 1130 Sclavinos
1303 1088 1367 1130 sus·

192 1179 307 1250 ceptam
340 1171 371 1230 A.
397 1171 454 1232 Sel.
479 1167 544 1230 970
565 1197 606 1219 =
626 1172 657 1230 Α.
681 1170 718 1230 Μ.
743 1165 844 1248 6150,
882 1169 1037 1249 eidemque
1075 1187 1151 1229 anno
1188 1169 1368 1228 occisionem

191 1269 349 1330 Theodosii
373 1271 532 1349 assignant.
574 1268 758 1330 Theodosius
782 1276 880 1328 autern
904 1275 1025 1327 necatus
1050 1286 1115 1327 esse
1138 1265 1263 1344 videtur,
1288 1273 1368 1326 ante-

193 1387 280 1446 quam
305 1366 516 1428 Constantinus
541 1369 571 1426 in
595 1367 670 1426 fines
694 1365 898 1426 Sclavinorum
922 1365 1073 1445 proiectus
1098 1372 1155 1443 est,
1184 1365 1253 1443 quia
1277 1363 1369 1442 Syrus

190 1459 441 1549 Noeldehianus³)
470 1467 545 1558 iram
570 1467 691 1542 civium,
721 1482 796 1543 quae
824 1470 947 1543 propter
973 1481 1079 1524 necem
1102 1461 1261 1522 Theodosii
1291 1470 1370 1522 mota

191 1571 283 1642 esset,
308 1582 427 1624 causam
451 1564 542 1624 inisse
567 1571 676 1641 narrat,
700 1580 754 1622 cur
778 1563 941 1640 imperator
963 1559 1181 1639 expeditionem
1204 1562 1236 1619 in
1260 1558 1369 1620 Sclavi·

189 1680 244 1722 nos
268 1656 475 1744 susciperetf)

280 1758 464 1838 Quamquam
498 1757 709 1819 Constantinus
742 1776 758 1816 a
792 1756 936 1817 Sclavinis
973 1759 1126 1818 victoriam
1160 1763 1370 1838 reportaverat,

191 1865 291 1916 tamen
321 1856 421 1918 odium
446 1857 626 1917 Graecorum
653 1857 825 1934 permansit.
876 1855 971 1935 Atque
1000 1854 1078 1916 haud
1106 1857 1168 1915 scio
1197 1874 1234 1915 an
1263 1856 1370 1915 animis

192 1954 317 2014 infensis
350 1957 457 2015 civium
491 1962 656 2015 commotus
685 1956 736 2032 sit,
768 1961 803 2014 ut
831 1952 988 2014 consilium
1016 1961 1136 2032 caperet
1163 1952 1369 2014 Constantino-

191 2052 282 2132 polim
311 2052 480 2131 relinquere
509 2060 538 2112 et
565 2051 688 2131 Romae,
717 2054 748 2111 in
778 2053 874 2130 capite
901 2059 1035 2112 veterum
1064 2050 1237 2129 Caesarum,
1265 2070 1370 2112 novam

193 2149 294 2210 sedem
327 2151 446 2229 imperii
478 2143 665 2234 collocare.·‘’)
720 2149 802 2210 Licet
835 2149 923 2210 simul
956 2149 1011 2210 alia
1044 2169 1132 2211 causa
1160 2152 1370 2229 imperatorem

192 2247 307 2308 adhoc
332 2247 489 2309 consilium
513 2247 676 2308 adduxerit.
725 2247 832 2308 Nescio
856 2267 893 2308 an
917 2250 1080 2327 speraverit
1102 2267 1134 2308 se
1159 2267 1195 2308 ex
1218 2247 1301 2308 ltalia
1324 2247 1371 2307 vel

192 2344 292 2406 Sicilia
323 2347 490 2424 proiectum
524 2345 639 2406 facilius
667 2345 779 2406 Arabes
814 2365 850 2406 ex
878 2347 1008 2424 Aegypto
1040 2347 1192 2425 provincia
1220 2345 1370 2424 expellere

195 2452 225 2504 et
251 2443 327 2504 hanc
351 2445 501 2523 regionem
526 2462 704 2523 recuperare
727 2439 858 2529 posse.⁶)
905 2443 1082 2523 Priusquam
1105 2451 1203 2504 autem
1228 2442 1370 2503 Constan-

193 2543 273 2602 tinus
301 2541 411 2603 Romae
439 2541 540 2603 sedam
569 2541 712 2602 collocare
742 2543 850 2620 potuit,
883 2540 1105 2622 Langobardos,
1133 2544 1185 2621 qui
1212 2543 1371 2602 maximam

191 2647 307 2718 partem
329 2639 430 2700 ltaliae
459 2642 590 2718 exceptis
618 2638 769 2700 nonnullis
798 2638 914 2718 oppidis
936 2641 1095 2700 maritimis
1119 2632 1159 2723 (e.
1184 2659 1210 2718 g.
1234 2639 1371 2717 Tarento,

192 2731 328 2819 Neapoli)
364 2747 391 2798 et
424 2737 515 2797 Roma
549 2745 578 2798 et
605 2737 769 2798 Ravennati
802 2738 961 2798 exarchatu
994 2737 1200 2817 obtinuerunt,
1233 2736 1370 2798 subicere

193 2834 301 2896 debuit.

284 3045 310 3110 1)
329 3043 358 3096 L.
380 3060 402 3096 e.
422 3061 449 3111 p.
466 3048 507 3096 95.
618 3046 644 3113 2)
664 3043 721 3098 Sub
741 3043 774 3098 A.
784 3042 819 3097 H.
831 3047 864 3096 39
880 3043 961 3096 =.t.
973 3043 1026 3097 Sel.
1043 3048 1102 3098 970.

283 3126 309 3193 3)
329 3123 414 3192 Syrus
434 3123 534 3178 Noeld.
553 3123 649 3192 prodit
666 3122 883 3178 Constantinum
902 3125 1000 3178 contra
1019 3125 1118 3193 gentes
1137 3123 1371 3194 septentrionales

192 3202 350 3272 profectum
374 3218 442 3258 esse.
483 3203 535 3258 His
560 3206 655 3257 autem
680 3203 814 3274 gentibus
834 3203 977 3257 Sclavinos
1004 3220 1064 3258 esso
1090 3203 1180 3258 dictos
1205 3220 1372 3273 persuasum

192 3281 296 3352 babeo,
329 3283 397 3351 quia
425 3284 501 3352 apud
529 3283 729 3352 Theophanem
760 3283 887 3352 aliosque
915 3283 975 3338 sola
1003 3285 1038 3338 de
1065 3287 1150 3355 gente
1179 3284 1371 3338 Solavinomm

193 3379 283 3418 sermo
303 3367 353 3417 est.

282 3447 309 3514 t)
329 3443 448 3498 Etiamsi
462 3444 540 3498 Elias
555 3444 645 3499 Nisib.
661 3444 713 3497 sub
728 3445 760 3500 A.
771 3445 806 3499 H.
818 3450 850 3498 39
867 3445 910 3514 (A.
922 3444 975 3498 Sel.
992 3445 1054 3514 970)
1069 3444 1149 3498 illam
1163 3444 1372 3514 expeditionem

193 3525 259 3576 ante
286 3523 401 3576 caedem
426 3522 578 3576 Theodosii
604 3525 712 3591 narrat,
738 3524 805 3577 huic
831 3525 925 3579 ordini
950 3541 1042 3580 rerum
1066 3524 1176 3578 nullum
1199 3527 1371 3578 momentum

193 3602 375 3657 tribuendum
390 3605 440 3656 est.
469 3602 544 3656 Nam
559 3603 611 3656 sub
621 3602 718 3657 eodem
730 3621 804 3657 anno
813 3605 936 3673 primum
947 3605 982 3659 de
995 3605 1102 3676 fn'gore
1116 3608 1252 3659 nocturno
1267 3604 1371 3658 mensis

193 3681 283 3736 Nistn
307 3683 447 3753 (Aprilis),
474 3683 577 3736 deinde
600 3683 636 3736 de
659 3685 751 3737 terrae
776 3687 898 3740 tremore
922 3687 1024 3740 mensis
1047 3685 1169 3740 Heairtn
1194 3685 1287 3754 (lunii)
1311 3684 1372 3753 agit

195 3762 240 3832 (oi.
259 3763 386 3830 ideler‚
409 3763 483 3817 Hdb.
503 3763 529 3818 d.
549 3763 642 3817 techn.
662 3762 848 3834 Chronologie
866 3765 879 3818 I
896 3784 923 3835 p.
938 3768 1009 3836 430).
1052 3764 1088 3818 nt
1106 3765 1174 3834 quia
1191 3764 1224 3818 A.
1235 3763 1269 3817 H.
1281 3769 1315 3817 39
1335 3763 1370 3818 ab

195 3849 228 3898 29
248 3845 294 3898 die
310 3844 380 3898 Maii
399 3845 432 3898 A.
442 3844 475 3898 D.
496 3851 547 3898 659
567 3845 677 3913 incipit,
696 3844 777 3899 illum
797 3849 947 3900 tremorem
960 3847 1052 3900 terrae
1071 3847 1137 3900 ante
1155 3844 1245 3914 frigus
1260 3846 1370 3898 noctur-

194 3941 262 3978 num
280 3927 373 3979 ortum
391 3941 452 3978 asse
470 3925 500 3977 in
518 3928 651 3994 promptu
671 3927 721 3979 est.

284 4007 311 4075 5)
331 4003 472 4060 cedrenus
495 4005 513 4060 l.
539 4023 561 4059 e.
580 4023 607 4074 p.
629 4011 689 4074 ros,
705 4011 739 4059 20
763 4005 878 4072 quidem
905 4005 1001 4074 prodit
1024 4004 1240 4060 Constantinum
1263 4004 1372 4074 Byzan-

195 4084 267 4139 tium
287 4085 451 4154 deseruisse,
470 4086 546 4154 qnod
566 4103 629 4140 enm
648 4086 779 4155 Byzantii
797 4085 990 4154 μονοθελητὴν
1004 4087 1052 4140 καὶ
1067 4083 1223 4150 κακόδοξος)
1237 4085 1370 4140 odissent.

194 4163 234 4218 Ut
251 4166 476 4236 praetermittam
490 4165 540 4219 illo
555 4168 681 4236 tempore
695 4165 843 4236 plerosque
858 4164 1183 4236 constantinopolitanos
1198 4165 1372 4220 monothele-

194 4247 239 4300 tas
253 4245 350 4314 luisse,
367 4245 576 4314 Constantinus,
591 4247 615 4300 si
629 4249 745 4317 propter
759 4246 855 4301 odium
869 4246 984 4315 quidem
998 4246 1208 4312 dithsletsrum,
1227 4245 1275 4314 qui
1291 4244 1372 4316 Cpoli

194 4325 373 4394 habitabant,
391 4327 510 4380 Romam
529 4326 672 4395 profectus
691 4329 772 4394 esset,
792 4327 827 4381 de
845 4327 923 4382 fumo
943 4327 979 4380 ad
997 4327 1092 4397 ignem
1111 4327 1241 4381 venisset.

286 4409 311 4476 6)
332 4405 371 4462 Of.
392 4406 493 4476 Bury,
512 4406 629 4475 History
648 4407 679 4461 ol
694 4408 743 4463 the
761 4407 834 4462 later
851 4407 959 4462 Roman
978 4407 1084 4477 empire
1103 4407 1129 4460 11
1146 4425 1173 4476 p.
1190 4411 1250 4460 999.
