3304 5098
764 315 985 377 ,64-

283 501 373 573 liquit
396 504 426 558 te
445 497 545 574 deus“,
570 504 600 557 ct
617 498 706 558 iussit
725 495 928 556 excubitorem
948 494 1096 574 quendam
1118 494 1284 558 adstantem
1302 496 1463 556 vestimen-

284 602 348 656 tum
380 613 473 674 papae
505 593 701 674 patriarchale
736 593 900 655 detrahere.
956 592 1019 664 Quo
1053 593 1130 654 iacto
1165 593 1286 654 tradidit
1319 595 1464 654 miserum

284 692 434 772 praelecto
461 691 546 754 urbis
573 693 647 753 haec
671 692 786 754 dicens:
818 693 922 772 „Tolle
949 709 1016 752 eam
1044 700 1074 752 et
1102 696 1245 754 coatiaao
1274 694 1464 754 membratim

284 794 389 853 incide
412 789 522 852 illam“.
568 789 626 850 Eos
645 797 743 852 autem
762 791 814 869 qui
833 789 957 850 aderant
975 791 1063 850 iussit
1081 809 1174 870 papae
1193 789 1386 872 maledicere3
1410 788 1465 850 sed

283 889 372 968 pauci
400 887 603 950 tantummodo
632 889 662 948 ei
688 887 824 948 obsecuti
851 906 918 948 esse
947 886 1093 948 dicuntur.
1149 886 1312 948 Camifices
1340 886 1465 966 reliquis

284 988 471 1047 vestimentis
498 987 648 1065 rescissis,
676 993 710 1046 ut
733 1003 841 1064 corpus
860 985 980 1047 Martini
1003 984 1116 1046 nudum
1138 987 1376 1065 conspiceretur,
1405 985 1464 1046 ier·

285 1086 346 1144 reis
373 1083 500 1145 vinculis
529 1085 593 1145 eius
622 1085 768 1144 cervicem
797 1082 1060 1144 circumdederant
1088 1091 1130 1162 et,
1160 1102 1227 1144 cum
1256 1082 1372 1164 gladius
1396 1091 1465 1144 ante

284 1199 390 1260 papam
413 1188 591 1261 portaretur,
616 1200 684 1242 eum
707 1180 874 1242 maledictis
897 1188 1036 1242 vexantes
1059 1199 1114 1260 per
1132 1188 1222 1242 totam
1242 1181 1349 1242 urbem
1367 1188 1464 1242 trare·

285 1287 364 1340 runt
411 1278 484 1340 Cum
509 1279 545 1340 ad
568 1281 751 1358 praetorium
775 1281 996 1358 pervenissent,
1024 1278 1168 1340 Martinus
1191 1281 1322 1358 primum
1345 1281 1376 1340 in
1400 1299 1464 1340 car-

284 1396 385 1439 cerem
414 1397 472 1457 quo
499 1377 665 1438 homicidae
694 1376 872 1438 tenebantur
895 1379 1024 1438 iniectus
1053 1385 1111 1459 est3
1140 1375 1193 1438 sed
1217 1376 1285 1438 inde
1309 1395 1369 1438 una
1391 1378 1465 1438 hora

284 1483 354 1556 post
376 1476 531 1537 carnifices
556 1495 625 1536 eum
648 1477 679 1536 in
703 1474 868 1536 custodiam
891 1474 1042 1536 Diomedis
1066 1474 1222 1536 cuiusdam
1245 1482 1464 1554 transportave-

285 1581 356 1635 runt
379 1581 468 1653 atque
491 1581 571 1634 tanta
595 1575 624 1634 vi
649 1573 849 1652 detruserunt,
872 1580 906 1634 ut
929 1575 994 1633 eius
1018 1591 1106 1634 cmra
1129 1573 1317 1652 poplitesque
1342 1572 1464 1634 dilania-

285 1680 391 1732 rentur
419 1679 449 1732 et
474 1674 594 1750 sanguis
622 1673 653 1732 in
682 1670 791 1750 gradus
820 1669 1032 1732 effunderetur.
1079 1671 1212 1731 Accessit
1235 1689 1361 1750 qnoque,
1385 1671 1465 1751 quod

285 1788 393 1848 magno
418 1770 538 1849 irigore,
562 1771 631 1848 quia
650 1770 713 1830 iere
732 1769 830 1830 nudus
850 1776 921 1848 erat,
944 1768 1119 1850 vexabatur,
1144 1771 1254 1830 etenim
1272 1769 1346 1830 haec
1365 1771 1464 1830 omnia

285 1867 382 1928 media
415 1869 513 1928 hieme
544 1867 725 1928 acciderunt.
781 1867 946 1946 Tantopere
976 1885 1066 1928 senex
1097 1866 1247 1928 doloribus
1278 1869 1464 1928 cruciatuum

285 1966 439 2027 coniectus
464 1975 535 2045 erat,
558 1973 592 2026 ut
610 1973 670 2026 tota
692 1965 739 2026 die
758 1967 867 2026 mortis
882 1966 998 2025 vicinus
1018 1973 1105 2026 esset.
1152 1965 1276 2044 Vesperi
1290 1965 1463 2052 praefectus

284 2065 314 2122 ei
338 2063 450 2143 aliquid
474 2062 533 2123 cibi
556 2065 638 2123 misit
661 2081 788 2142 eumque
812 2063 1069 2124 vinculisierreis
1093 2062 1237 2124 liberavit

374 2161 496 2222 Postero
526 2160 573 2221 die
598 2161 808 2221 Constantinus
836 2163 999 2240 imperator
1020 2161 1144 2222 Paulum
1168 2162 1379 2241 patriarcham,
1413 2163 1463 2240 qui

284 2259 414 2318 animam
429 2261 497 2338 egit,
520 2258 638 2318 visendi
661 2277 748 2319 cansa
773 2257 876 2320 adiens
900 2261 998 2319 omnia
1013 2277 1089 2338 quae
1109 2261 1141 2319 in
1155 2277 1260 2338 papam
1276 2267 1358 2337 gesta
1379 2267 1462 2319 erant

284 2357 424 2416 narravit.
476 2355 550 2416 Cum
572 2355 681 2416 Paulus
707 2358 914 2435 comperisset,
946 2375 1020 2436 quae
1051 2357 1127 2418 mala
1156 2356 1343 2417 adversarius
1371 2359 1464 2417 miser

256 2518 258 2524 ,
284 2471 445 2533 perpessus
460 2461 548 2532 esset,
572 2453 781 2514 exclamavisse
798 2451 919 2513 dicitnr:
942 2455 1021 2530 „Hei
1037 2457 1111 2515 mibi
1125 2461 1154 2514 et
1166 2456 1225 2514 hoc
1246 2456 1462 2515 3331133333-

286 2556 361 2613 tiam
385 2555 570 2614 iudiciorum
593 2569 727 2612 mearam
752 2559 854 2612 aetam
878 2550 949 2612 est.“
994 2551 1031 2612 Et
1054 2552 1220 2612 obsecravit
1243 2554 1462 2631 imperatorem,

283 2657 318 2710 ut
332 2651 363 2710 in
379 2651 422 2710 eis
437 2648 655 2729 asperitatibus,
671 2649 779 2729 quibus
794 2648 890 2709 adhuc
904 2648 1061 2710 Martinam
1078 2651 1234 2728 affecisset,
1250 2652 1461 2728 acquiesceret.

374 2747 464 2808 Paulo
493 2754 561 2826 post
588 2746 696 2807 Paulus
727 2747 801 2807 obiit
831 2755 861 2806 et
890 2746 1000 2826 Pyrrus
1031 2749 1139 2808 iterum
1170 2749 1373 2827 episcopatum
1406 2747 1464 2808 sibi

284 2846 396 2906 ascivit.
443 2844 543 2906 Multis
571 2852 669 2905 autem
699 2844 983 2922 contradicentibus,
1014 2847 1065 2924 qni
1088 2844 1173 2924 Pyrri
1202 2847 1364 2906 mutatione
1393 2846 1463 2906 fidei

284 2942 364 3003 haud
387 2945 448 3003 scio
473 2962 509 3004 an
534 2943 639 3003 cilensi
664 2951 771 3022 essent,
800 2941 1012 3003 Constantinus
1035 2942 1278 3023 Demosthenem,
1302 2946 1462 3023 rescripto·

285 3059 350 3100 rem
379 3047 408 3102 et
437 3040 679 3101 collaboratorem
709 3039 868 3118 sacellarii,
902 3039 938 3099 ad
966 3039 1124 3100 Martinum
1153 3043 1247 3120 misit,
1281 3042 1333 3120 qui
1362 3060 1398 3102 31
1428 3061 1462 3103 33

283 3147 476 3217 quaererent,
505 3157 577 3198 num
607 3138 717 3217 Pyrrus
747 3157 800 3198 sua
828 3144 932 3216 sponte
962 3138 998 3198 ad
1028 3137 1229 3199 ditheleticam
1254 3138 1342 3200 fidem
1365 3127 1462 3200 trans-

285 3237 371 3296 iisset
402 3243 431 3296 31
460 3236 624 3297 voluntarie
655 3235 801 3314 libellum,
833 3254 890 3315 quo
921 3235 997 3295 hanc
1029 3235 1192 3296 doctrinam
1223 3237 1376 3316 professus
1408 3245 1461 3317 est,

284 3332 441 3394 Theodoro
464 3353 557 3414 papae
581 3333 746 3395 obtulisset.
792 3333 936 3394 Martinus
955 3334 1080 3412 Pyrrum
1103 3336 1201 3394 omnia
1221 3353 1273 3395 sua
1292 3342 1398 3414 sponte
1422 3337 1463 3396 se-

285 3433 363 3491 cisse
394 3431 555 3511 respondit.
606 3432 718 3492 Deinde
746 3430 960 3492 Demosthenes
988 3449 1056 3492 eum
1083 3433 1289 3512 interrogavit,
1315 3433 1462 3512 quomodo

285 3529 397 3608 Pyrrus
420 3528 530 3590 Romae
559 3538 701 3591 tractatus
730 3537 817 3590 esset.
864 3527 901 3589 Et
927 3537 1083 3609 postquam
1107 3528 1251 3590 Martinus
1278 3529 1354 3591 ¹dinit
1379 3531 1462 3592 illum

285 3625 322 3687 ab
347 3629 411 3688 eius
435 3635 623 3689 antecessore
653 3647 719 3689 esse
751 3633 906 3706 exceptum
935 3628 1021 3706 quasi
1043 3629 1225 3707 episcopum,
1248 3627 1462 3690 Demosthenes

286 3743 318 3786 se
348 3727 528 3805 comperisse
553 3725 705 3786 contendit
727 3725 854 3804 Pyrrum
878 3727 908 3786 vi
931 3733 1066 3786 coactum
1089 3724 1222 3787 libellum
1246 3728 1404 3806 scripsisse
1433 3735 1463 3788 et

285 3823 378 3884 multa
397 3823 474 3884 mala
493 3841 509 3882 a
529 3822 678 3884 ditheletis
698 3825 856 3902 accepisse.
891 3822 1000 3884 Contra
1014 3823 1087 3883 haec
1101 3842 1176 3902 papa
1190 3826 1305 3884 monuit
1319 3823 1462 3886 Constan-

285 3920 411 4001 tinopoli
434 3929 535 4000 testes,
559 3924 638 3982 inter
659 3922 714 3982 hos
738 3921 898 3999 Platonem,
928 3923 978 4000 qni
1001 3927 1073 3981 tunc
1097 3921 1242 3982 exarchus
1265 3921 1366 3983 ltaliae
1389 3923 1462 3984 fuis·

286 4027 340 4098 set,
365 4018 479 4098 adesse,
503 4038 577 4098 quos
597 4019 633 4080 de
652 4019 701 4080 illa
720 4039 753 4080 re
772 4019 905 4098 Byzantii
923 4021 1150 4098 interrogarent,
1170 4022 1196 4079 si
1214 4021 1273 4098 ipsi
1292 4018 1463 4081 diliiderent

285 4125 317 4177 et
340 4116 430 4178 verba
454 4117 603 4179 addidisse
628 4117 742 4187 dicitur,
760 4117 847 4178 haec:
874 4119 1120 4196 „Verumtamam
1143 4120 1219 4193 qaid
1240 4122 1374 4179 calamae
1391 4123 1461 4196 pla·

287 4220 367 4276 rima
391 4219 561 4291 quaerere?
606 4218 688 4276 Ecce
716 4221 748 4277 ia
772 4218 912 4277 maaibas
935 4220 1042 4276 cestris
1065 4220 1203 4277 retinetis
1226 4234 1285 4292 me,
1313 4225 1343 4277 et
1368 4219 1461 4292 qaod·

288 4331 408 4389 aaaqae
435 4318 524 4376 cattis
552 4323 756 4375 consummate
783 4319 815 4376 ia
843 4331 902 4388 me,
935 4315 992 4374 deo
1022 4316 1200 4390 iadatqeate
1227 4317 1259 4375 ia
1288 4322 1390 4375 vestra
1417 4321 1463 4375 est

283 4419 441 4488 potestate.
484 4413 591 4488 Utique
608 4415 636 4472 si
654 4413 842 4473 membratim
861 4413 1000 4473 inciditis
1018 4430 1130 4473 carnes
1147 4429 1238 4490 meas,
1261 4415 1355 4474 sicuti
1365 4429 1461 4488 prae·
