3304 5098
730 301 950 364 ,72-

253 487 334 546 inter
361 492 518 562 utramque
547 483 648 544 sedem
677 482 876 544 recruduisse.
919 482 957 542 Ut
980 502 1015 543 ex
1039 483 1186 544 Anastasii
1208 483 1347 543 monachi
1371 485 1433 562 epi-

255 582 333 644 stula
356 581 392 642 ad
416 581 576 642 monachos
601 580 785 642 Calarienses
810 581 874 642 data
898 589 1033 659 apparet,
1058 579 1163 641 Graeci
1186 581 1373 661 responsales
1397 581 1434 642 ad

254 700 360 762 papam
389 669 456 740 cum
486 679 594 740 litteris
618 681 808 758 remiserant,
836 687 870 740 ut
893 698 961 740 eum
986 679 1021 738 ad
1046 679 1210 740 doctrinam
1233 699 1339 740 novam
1364 699 1434 740 con-

254 773 448 860 verterent.²)
494 777 578 838 Haud
607 780 669 838 scio
698 796 735 838 an
758 777 910 856 Eugenius
939 777 974 836 ad
1002 797 1105 855 pacem
1134 797 1201 838 cum
1226 777 1435 838 Constantino-

253 876 393 957 politanis
422 875 586 936 taciendam
614 874 774 936 inclinatus
802 875 900 936 luerit.
948 874 1005 952 Sed
1034 875 1137 936 clerici
1165 884 1195 937 et
1221 877 1349 956 populus
1376 876 1436 936 llo-

253 993 372 1053 manus,
406 976 491 1034 cuius
519 973 620 1034 odium
648 976 679 1034 in
709 972 836 1034 Graecos
863 989 1003 1052 magnum
1031 973 1109 1033 haud
1138 963 1204 1033 raro
1233 977 1437 1052 cognorimus,
1508 1015 1511 1018 -

253 1075 395 1134 unionem
427 1080 500 1132 tunc
532 1071 653 1150 quidem
688 1071 890 1132 turbaverunt.
946 1071 1055 1131 Auctor
1087 1074 1166 1132 enim
1199 1075 1275 1133 vitae
1308 1073 1435 1151 Eugenii

254 1165 387 1254 prodit²)
411 1170 533 1230 Petrum
562 1168 719 1248 epistulam
747 1169 917 1248 synodicam
940 1168 1062 1229 Romam
1089 1172 1222 1249 misisse,
1251 1190 1307 1249 qua
1334 1169 1435 1230 verbis

256 1269 390 1330 obscuris
410 1286 483 1328 usus
502 1286 598 1346 neque
619 1267 655 1328 de
675 1265 898 1346 operationibus
918 1285 1015 1346 neque
1036 1265 1071 1326 de
1086 1267 1285 1328 voluntatibus
1306 1267 1434 1329 dilucide

258 1361 458 1428 disseruisset.
496 1365 589 1436 Quam
613 1365 649 1425 ob
674 1383 736 1426 rem
757 1365 870 1426 clerum
890 1373 919 1425 et
936 1364 1079 1444 populum
1097 1364 1261 1426 Romanum
1280 1375 1435 1445 tantopere

254 1468 363 1525 iratum
378 1483 453 1542 esse,
467 1473 501 1524 ut
514 1482 621 1542 papam
635 1465 666 1522 in
680 1463 803 1524 basilica
818 1463 846 1524 S.
859 1463 969 1523 Mariae
984 1463 1020 1522 ad
1033 1481 1196 1543 praesaepe
1212 1471 1339 1542 cogeret,
1354 1464 1435 1524 illam

257 1561 414 1641 epistulam
434 1563 572 1622 relutare.
610 1561 684 1622 Cum
703 1561 776 1622 haec
791 1561 926 1640 epistula,
945 1579 1020 1640 quae
1034 1564 1267 1640 propositionem
1284 1561 1437 1622 doctrinae

256 1664 347 1721 trium
380 1658 563 1720 voluntatum
597 1661 779 1720 continuisse
812 1659 886 1720 mihi
917 1659 1048 1737 videtur,
1082 1679 1097 1718 a
1129 1658 1269 1720 Romanis
1303 1669 1331 1719 et
1359 1679 1436 1740 papa

255 1759 447 1835 rehrtaretur,
470 1756 623 1836 probabile
643 1758 677 1817 lit
694 1776 800 1837 papam
820 1759 908 1817 etiam
928 1757 993 1817 illas
1012 1757 1135 1836 litterae,
1154 1777 1227 1836 quas
1247 1758 1435 1836 responsales

256 1875 357 1917 secum
380 1855 503 1916 Romam
526 1862 728 1933 portaverant,
753 1855 906 1922 refellisse.
948 1853 1032 1914 Unde
1052 1854 1137 1914 facile
1157 1855 1340 1934 intellegitur·
1359 1855 1436 1915 Con·

256 1956 432 2032 stantinunr,
461 1972 528 2013 cum
556 1955 699 2013 unionem
729 1953 824 2013 denuo
854 1953 1000 2013 turbatam
1030 1971 1095 2012 esse
1120 1961 1325 2031 cognosceret,
1353 1955 1435 2013 omni

257 2051 355 2112 studio
379 2053 499 2111 enixum
520 2069 594 2129 esse,
619 2058 652 2111 ut
670 2049 829 2110 Maximum
848 2051 884 2110 ad
904 2049 1060 2111 ecclesiam
1080 2049 1436 2130 Constantinopolitanam

256 2149 442 2229 perduceret.
489 2147 574 2218 Quod
598 2151 623 2208 si
648 2149 758 2208 lactum
783 2156 874 2226 esset,
898 2151 1059 2226 imperator
1082 2167 1202 2226 sperare
1225 2151 1323 2228 potuit
1346 2151 1435 2209 etiam

257 2266 360 2308 omnes
398 2246 528 2325 reliquos
566 2245 751 2328 adversarios
789 2246 931 2306 ecclesiae
970 2245 1310 2326 Constantinopolitanae
1348 2246 1434 2306 lacile

257 2345 446 2405 conciliatum
470 2347 521 2424 iri,
544 2352 637 2430 utex
662 2346 727 2406 eius
751 2347 845 2423 ipsius
869 2344 967 2404 verbis
991 2345 1078 2422 plane
1103 2344 1208 2406 elucet.
1254 2344 1340 2406 Nunc
1363 2362 1434 2405 vero

257 2443 477 2520 Constantinus,
502 2461 569 2503 curn
594 2442 730 2503 abbatem
749 2445 780 2502 in
799 2442 997 2502 obstinatione
1016 2441 1173 2502 inflexibili
1191 2451 1434 2521 perseverantem

255 2541 378 2619 videret,
402 2543 499 2619 ipsum
525 2543 648 2619 eiusque
673 2539 835 2619 discipulos
858 2539 946 2618 pleno
970 2539 1037 2600 odio
1062 2549 1094 2600 et.
1113 2543 1157 2600 ira
1180 2550 1356 2619 persecutus
1381 2549 1438 2600 est.

255 2635 415 2718 Postquam
451 2629 595 2698 Maximus
631 2637 825 2716 Selymbriam
864 2646 893 2698 et
929 2637 998 2698 iude
1031 2638 1184 2698 Perberim
1217 2645 1439 2717 transportatus

257 2746 314 2816 est,
344 2737 396 2796 ubi
427 2735 606 2815 aliquamdiu
637 2738 668 2795 in
700 2735 787 2796 exilio
815 2738 900 2814 vixit,
932 2735 1218 2815 Constantinopolim
1246 2735 1391 2796 adductus
1420 2755 1436 2794 a

257 2835 368 2914 synodo
391 2853 450 2894 nna
475 2854 542 2894 curn
567 2833 733 2912 discipulis,
762 2833 900 2912 Martiuo,
930 2833 1095 2912 Sophronio
1119 2833 1316 2912 omnibusque
1341 2833 1435 2894 dithe·

258 2932 326 2992 letis
357 2940 528 2992 exsecratus
557 2940 610 2992 est.
656 2931 795 2991 Proditur
823 2934 854 2991 in
882 2934 956 2992 actis
978 2926 1130 3016 blaximit)
1158 2939 1188 2992 et
1216 2950 1284 2992 eum
1308 2939 1337 2991 et
1362 2930 1438 2991 duos

258 3030 427 3090 Anastasios
453 3029 613 3109 discipulos
639 3029 757 3089 decreto
782 3028 894 3108 synodi,
918 3048 1025 3108 nempe
1049 3048 1124 3108 quae
1142 3029 1322 3090 voluntatem
1342 3031 1435 3106 impe-

258 3130 365 3188 ratoris
384 3127 618 3206 proclamaverit,
638 3128 787 3206 praelecto
806 3127 891 3187 urbis
910 3127 1034 3188 traditos
1054 3145 1128 3206 esse,
1147 3134 1181 3186 ut
1195 3145 1245 3186 eos
1259 3125 1437 3186 verberibus

259 3228 418 3304 castigaret
442 3228 544 3304 eisque
568 3245 674 3286 manus
700 3225 834 3285 dexteras
859 3233 888 3286 et
911 3225 1026 3304 linguas
1046 3217 1236 3308 1·esecaret.¹¹)
1275 3223 1339 3294 Quo
1359 3223 1440 3283 lacto

258 3342 308 3384 eos
332 3323 481 3383 mutilatos
505 3342 559 3402 per
583 3322 738 3383 duodecim
764 3325 900 3400 regiones
923 3323 1008 3384 urbis
1033 3322 1251 3383 circumductos
1276 3329 1305 3382 et
1329 3319 1435 3382 deinde

257 3424 288 3482 in
318 3421 451 3481 Lazicam
480 3414 531 3503 (ad
559 3421 685 3481 Pontum
710 3421 858 3480 Euxinum
887 3413 988 3504 sitam)
1018 3420 1164 3498 relegatos
1193 3438 1272 3498 esse,
1301 3439 1359 3498 quo
1389 3419 1439 3480 die

260 3515 280 3580 8
300 3519 377 3580 lunii
396 3521 466 3578 anni
486 3516 550 3580 662
574 3526 729 3598 venerunt,
752 3526 786 3578 ut
804 3518 975 3578 Anastasius
1000 3517 1181 3596 responsalis
1204 3519 1235 3576 in
1255 3517 1381 3596 epistula
1400 3515 1437 3576 ad

259 3616 458 3678 Theodosium
469 3619 578 3695 scripta
586 3611 611 3701 ⁵)
624 3617 723 3677 refert.
747 3615 819 3676 Inde
829 3615 973 3678 Maximus
984 3619 1014 3676 in
1030 3615 1183 3676 castellum
1194 3615 1273 3694 quod
1284 3615 1439 3675 Schemari

349 3772 373 3840 1)
395 3770 507 3841 Migne
527 3770 544 3824 l.
566 3789 588 3826 c.
607 3789 635 3840 p.
656 3777 706 3823 133
716 3787 776 3838 sqq.
886 3773 912 3839 2)
932 3769 992 3824 Lib.
1011 3769 1113 3838 pontii.
1133 3770 1146 3822 I
1164 3789 1190 3838 p.
1208 3774 1362 3837 185‚t3sqq.

350 3853 376 3920 3)
396 3850 508 3920 Migne
528 3850 545 3903 1.
567 3868 589 3904 c.
609 3869 636 3919 p.
654 3856 712 3904 170.

348 3935 374 4003 4)
394 3931 520 4000 Theoph.
544 3949 570 4000 p.
588 3936 672 3999 347st
694 3933 723 3986 et
741 3949 768 4000 p.
785 3935 844 3998 351,
857 3936 888 3984 19
898 3947 958 3998 sqq.
983 3933 1012 3982 et
1036 3928 1172 3999 Georgius
1195 3928 1349 3982 Monachus
1372 3927 1391 3982 1.
1413 3945 1435 3982 c.
1547 3965 1549 3969 ψ

258 4017 479 4082 p..'117,16sqq.
500 4014 616 4066 narrant
635 4011 832 4065 tautummodo
850 4009 1005 4063 Martinam
1024 4011 1083 4062 tam
1102 4008 1254 4064 crudeliter
1273 4025 1332 4062 esse
1351 4007 1440 4061 muti·

258 4092 356 4146 latum.
394 4092 493 4162 Neque
513 4093 680 4146 Anastasius
700 4092 730 4144 in
749 4090 872 4161 epistula
896 4090 932 4142 ad
952 4089 1139 4143 Theodosium
1159 4090 1234 4158 data,
1253 4088 1304 4142 ubi
1322 4103 1438 4142 accura-

259 4172 367 4227 tissime
386 4173 481 4226 omnia
500 4175 712 4239 commemorat,
732 4187 805 4240 quae
824 4169 904 4239 Opoli
924 4169 1106 4238 accidissent,
1127 4169 1214 4223 refert
1233 4169 1287 4238 sibi
1306 4171 1335 4222 et
1354 4167 1438 4222 alieri

259 4251 409 4306 Anastasio
428 4251 541 4322 linguas
561 4254 589 4306 et
608 4251 737 4304 dexteras
757 4267 817 4306 esse
831 4250 942 4305 recisas.
981 4249 1080 4304 Prodit
1098 4251 1211 4304 tantum
1231 4267 1259 4303 se
1275 4248 1366 4302 multa
1380 4250 1439 4302 tor-

258 4333 355 4386 menta
373 4334 402 4386 ct
420 4331 535 4386 verbera
553 4331 726 4386 sustinuisse.
1093 4336 1095 4340 ⁴

350 4414 375 4480 5)
395 4411 509 4483 Migne
528 4413 546 4467 l.
567 4430 589 4468 c.
608 4431 636 4481 p.
653 4417 712 4465 171.
