3304 5098
769 327 989 390 -10-

290 506 469 572 oda—668
492 527 597 588 magna
621 509 725 569 lacuna
749 509 848 569 hausti
871 515 948 568 sunt.
996 507 1046 568 Eis
1070 513 1169 568 autem
1192 507 1305 586 verbis,
1333 526 1409 586 quae
1434 507 1469 566 de

291 610 416 688 immrio
440 607 626 668 Constantini
644 606 670 666 ll
694 613 724 666 et
742 605 924 666 Heraclonae
948 607 1025 666 lacta
1049 612 1176 666 aetatem
1196 605 1329 666 tulerunt
1347 604 1469 683 quibus-

291 725 348 785 que
377 714 528 784 narratur,
559 703 705 784 quomodo
734 704 945 764 Constantinus
967 703 1007 763 lll
1034 705 1197 782 imperator
1220 703 1315 763 lactus
1339 705 1390 781 sit,
1421 721 1470 764 res

290 804 383 865 multo
414 805 509 864 fusius
540 804 766 880 accuratiusque
796 801 965 880 produntur
999 820 1087 880 quam
1117 803 1148 860 in
1174 801 1312 861 omnibus
1345 800 1469 880 reliquis

289 904 406 980 graecis
431 901 570 962 lontibus.
636 909 639 912 '

380 1001 557 1078 Georgius
572 997 764 1058 Monachus
780 1000 811 1056 in
830 997 964 1057 chronici
978 1004 1062 1076 parte
1080 1015 1156 1075 quae
1175 997 1262 1057 nobis
1282 996 1469 1075 respicienda

288 1106 337 1159 est
364 1096 567 1177 componenda
595 1095 752 1175 principali
781 1097 861 1155 lonte
885 1095 1073 1174 Theophanis
1102 1095 1178 1155 libro
1201 1081 1275 1156 usus
1299 1113 1366 1156 esse
1389 1093 1469 1154 ride·

290 1203 349 1274 tur,
372 1215 500 1275 quocum
524 1196 697 1273 saepissime
727 1193 763 1253 ad
790 1193 914 1253 verbum
939 1195 1084 1272 congnrit.
1130 1193 1289 1254 Praeterea
1312 1195 1402 1253 etiam
1426 1191 1469 1252 di-

289 1296 369 1354 versi
393 1295 489 1374 sontis
505 1294 630 1370 vestigia
652 1291 739 1352 nobis
761 1299 932 1351 occurmnt.
975 1289 1135 1369 Georgium
1154 1290 1330 1352 Monachum
1353 1309 1414 1351 non
1433 1308 1469 1350 ex

289 1391 469 1470 Theophane
492 1392 636 1469 hausisse,
661 1409 729 1450 cum
747 1397 858 1466 narret,
882 1387 1029 1467 quomodo
1048 1387 1260 1449 Constantinus
1280 1388 1358 1467 apud
1376 1389 1469 1450 Phoe·

289 1492 387 1550 nicom
411 1498 545 1549 servatus
569 1490 616 1567 sit,
640 1495 726 1548 antea
749 1489 808 1547 iam
831 1486 967 1547 vidimus.

378 1587 420 1647 De
448 1586 547 1647 verbis
576 1593 688 1664 autem,
718 1585 827 1664 quibus
854 1587 1065 1664 imperatorem
1093 1585 1213 1645 asrdeli
1237 1585 1364 1663 quodam
1389 1587 1469 1663 regia

289 1693 371 1745 veste
395 1685 498 1745 induto
523 1702 589 1744 esse
613 1690 763 1744 servatum
786 1682 931 1762 proditur,
956 1685 1027 1743 satis
1052 1683 1161 1760 ambigi
1183 1702 1271 1762 posse
1294 1683 1369 1743 mihi
1389 1683 1468 1743 ride-

290 1791 348 1861 tur,
372 1802 444 1844 num
468 1782 504 1843 ab
528 1784 613 1842 initio
638 1784 670 1848 in
691 1801 751 1842 uno
772 1781 935 1859 eodemque
960 1782 1040 1841 lonte
1063 1781 1137 1841 haec
1161 1775 1367 1864 exstiterint.¹)
1413 1780 1469 1840 lle-

290 1880 385 1940 fertur
408 1882 489 1940 enim
513 1883 723 1958 imperatorem
745 1887 869 1958 propter
887 1878 1010 1938 insidias
1033 1880 1127 1938 amico
1147 1886 1261 1938 vestem
1280 1897 1363 1938 suam
1383 1878 1468 1938 indu·

288 1980 349 2038 isse
373 1986 403 2038 et
425 1985 573 2038 nocturno
596 1985 730 2057 tempore
755 1983 817 2037 rate
841 1995 931 2054 parva
949 1974 1116 2054 profectum
1136 1994 1211 2035 esse.
1254 1975 1398 2054 Sequenti
1421 1974 1468 2034 die

290 2078 419 2136 amicum
449 2079 627 2136 vestimento
656 2078 737 2154 regio
766 2081 903 2134 ornatum
926 2075 1103 2152 pugnavisse
1132 2082 1162 2133 et
1189 2074 1379 2134 intersectum
1403 2092 1468 2132 esse

288 2175 421 2254 speciem
445 2176 635 2254 imperatoris
658 2192 730 2252 prae
755 2192 786 2234 se
806 2173 961 2233 ferentem.
1003 2171 1113 2232 Mirum
1133 2179 1231 2232 autem
1250 2171 1324 2231 mihi
1342 2171 1468 2248 videtur,

289 2272 369 2351 quod
392 2272 517 2332 insidias
540 2275 722 2351 imperatori,
747 2290 815 2332 cum
839 2269 935 2330 adhuc
957 2269 1105 2348 proelium
1126 2269 1258 2330 nondum
1277 2271 1469 2329 commissum

288 2378 377 2448 esset,
405 2369 561 2430 collocatas
585 2388 650 2430 esse
674 2368 811 2448 proditur
834 2376 922 2447 atque
946 2367 1099 2446 postridie,
1123 2387 1191 2428 cum
1215 2370 1272 2426 iam
1297 2366 1413 2445 pn'dem
1437 2369 1468 2425 in

290 2475 354 2528 tuto
374 2468 488 2545 luisset,
507 2467 625 2527 fidelem
644 2466 793 2546 quendam
812 2469 877 2527 eius
893 2473 1006 2526 vestem
1026 2465 1150 2526 induere
1170 2485 1244 2544 opus
1263 2465 1327 2525 luit.
1364 2463 1468 2525 Nonne

288 2583 542 2645 supervacaneum
571 2565 628 2625 luit
656 2567 836 2643 imperatore
865 2573 981 2625 servato
1007 2571 1120 2623 vestem
1143 2560 1281 2624 mutare?
1327 2561 1468 2623 Constan-

291 2665 387 2724 tinum
411 2671 510 2724 autem
533 2663 646 2740 proelio
671 2663 842 2723 interfuisse
867 2671 896 2722 et
920 2663 1028 2742 reliqui
1051 2660 1157 2721 Graeci
1181 2670 1211 2722 et
1234 2661 1347 2740 Syriaci
1372 2662 1468 2721 lontes

289 2765 490 2822 consentiunt.
537 2761 627 2821 Multo
650 2761 833 2840 probabilius
858 2769 904 2821 est
927 2780 996 2822 eum
1019 2759 1154 2819 hostibus
1177 2759 1309 2837 undique
1333 2761 1468 2818 instanti-

288 2860 358 2938 bus,
387 2879 455 2920 cum
482 2861 541 2919 iam
569 2860 646 2919 vitae
674 2861 732 2938 ipsi
755 2859 922 2938 periculum
945 2860 1128 2936 immineret,
1152 2856 1238 2917 aliam
1262 2865 1374 2918 vestem
1398 2860 1467 2916 sim-

290 2957 400 3038 plicem
423 2957 557 3017 induisse
581 2964 612 3016 et
633 2956 766 3017 tenebris
789 2959 887 3016 noctis
911 2957 1090 3017 occultatum
1114 2955 1311 3034 omnibusque
1334 2957 1467 3032 ignotum

289 3056 375 3134 fugae
399 3074 431 3116 se
455 3054 651 3116 mandavisse.
697 3054 783 3133 Quid,
807 3057 834 3114 si
856 3055 946 3115 verba
969 3060 1030 3135 „api
1054 3047 1091 3114 db
1114 3049 1293 3135 daodpoofi
1314 3051 1468 3113 delemus?

289 3172 388 3214 nonne
412 3153 468 3213 hoc
492 3153 623 3213 remedio
647 3171 750 3213 omnes
772 3152 961 3213 difficultates
980 3151 1111 3212 sublatas
1131 3169 1197 3211 esse
1217 3147 1335 3210 elucet?
1381 3150 1467 3211 Certe

288 3270 369 3312 nunc
389 3251 503 3330 reliqua
521 3250 612 3311 verba
635 3253 811 3311 sententiam
831 3250 938 3310 bonam
957 3249 1109 3328 praebent.
1148 3248 1201 3308 Sin
1220 3267 1290 3307 vcro
1309 3248 1359 3308 illa
1378 3247 1466 3308 verba

287 3349 516 3428 interpolatione
540 3351 641 3409 nescio
666 3351 751 3409 cuius
775 3350 806 3408 in
831 3356 1001 3408 contextum
1026 3349 1184 3426 irrepsisse
1208 3364 1359 3425 negamus,
1389 3354 1467 3406 totus

288 3447 338 3506 hic
361 3446 443 3508 locus
474 3465 510 3507 ex
541 3446 656 3508 duobus
686 3446 817 3506 sontibus
846 3448 1063 3506 contaminatus
1091 3463 1157 3504 esse
1181 3443 1312 3521 videtur,
1341 3461 1467 3522 quorum

287 3545 375 3605 alteri
400 3544 491 3606 verba
521 3539 736 3624 ,ξΕπιβουλῆς
766 3537 802 3604 δὲ
832 3543 1038 3623 μηνυθείσης
1065 3561 1161 3622 usque
1186 3542 1222 3602 ad
1252 3588 1258 3601 .
1283 3588 1289 3601 .
1315 3588 1321 3600 .
1346 3536 1468 3613 σωθεὶς

286 3637 512 3724 anecdotos&
532 3642 618 3703 alteri
637 3642 782 3720 reliquam
801 3649 916 3720 partem
931 3642 1020 3702 huius
1036 3640 1150 3700 labulae
1166 3639 1384 3700 attribuendam
1399 3657 1465 3699 esse

287 3759 404 3801 censeo.

378 3837 464 3899 Nunc
493 3857 563 3898 vero
595 3839 888 3899 commemoraverim
919 3837 1198 3916 chronographiam,
1229 3855 1303 3914 quae
1332 3835 1386 3895 sub
1415 3854 1466 3894 no-

288 3938 368 3997 mine
393 3936 524 3998 Leonis
544 3930 807 4019 Grammaticil)
833 3935 869 3996 ad
892 3943 1024 3996 nostram
1044 3942 1170 3995 aetatem
1189 3935 1332 4012 pervenit.
1375 3933 1465 3992 Maxi-

287 4053 336 4094 ma
364 4053 433 4113 pars
461 4042 630 4112 contextus,
661 4053 719 4113 quo
749 4033 785 4094 de
812 4035 938 4112 imperio
962 4033 1149 4093 Constantini
1173 4034 1282 4110 agitur,
1311 4049 1347 4092 ex
1371 4030 1482 4092 Theo»

288 4131 394 4210 phanis
409 4132 486 4192 libro
500 4133 618 4193 videtur
632 4133 762 4211 fluxisse,
781 4151 909 4212 quocum
924 4131 1053 4192 Leonem
1068 4149 1156 4209 saepe
1172 4128 1346 4190 adverbum
1362 4129 1466 4208 depre-

286 4230 448 4291 hendimus
472 4230 662 4292 concordare.

380 4362 406 4424 1)
425 4357 476 4412 Ed.
496 4359 536 4413 de
554 4359 653 4424 Beer,
672 4357 697 4411 11
715 4377 742 4427 p.
763 4361 824 4423 116,
839 4363 871 4411 21
881 4375 940 4425 sqq.
1436 4395 1437 4398 ,

379 4441 405 4508 2)
424 4439 571 4496 MdBonn.
581 4458 608 4509 p.
621 4444 785 4507 155,18—p.
799 4443 888 4504 159,1.
927 4439 953 4506 2)
972 4437 1024 4490 Ed.
1033 4437 1119 4490 Bonn.
1130 4437 1178 4506 Ip.
1191 4441 1250 4502 753,
1262 4441 1341 4504 3--p.
1354 4439 1464 4498 161114.
