3304 5098
684 312 904 377 „71--

206 494 345 554 adierunt
369 504 455 573 atque
481 513 612 556 summos
635 495 763 556 honores
782 494 826 554 illi
844 498 1051 575 promittentes
1071 516 1175 560 rursus
1195 499 1293 559 conati
1312 503 1383 558 sunt

206 611 274 653 eum
304 611 502 672 commovere,
530 600 563 653 ut
586 600 688 672 typum
711 592 859 672 probaret.
905 594 1022 656 Troilus
1046 595 1119 656 haec
1141 596 1232 679 verba
1254 599 1381 675 impera·

205 691 279 750 toris
307 692 453 751 recitavit:
491 684 641 769 ,Ἐπειδὴ
668 696 757 751 πᾶσα
785 687 937 771 ἡΛύσις
963 689 1018 754 καλ
1047 691 1079 755 ολ
1103 687 1139 755 ἐν
1162 699 1202 778 τῇ
1226 689 1382 777 Ἀνατολῇ

206 783 463 870 διαστρέφοντες
482 786 530 861 είς
549 781 586 849 ol
604 791 786 871 θεωροῦσι·
805 786 859 850 καλ
878 787 1020 864 ἅπαντες
1039 789 1094 854 διὰ
1109 785 1145 854 ol
1160 790 1381 872 στασιάζουσι,

205 883 250 966 μὴ
274 881 431 959 θέλοντες
455 885 727 966 συμβιβασθῆναι
746 883 825 967 ἡμῖν
844 885 899 947 διδι
920 886 981 968 τὴν
999 887 1124 950 πίστιν·
1148 885 1325 964 κατανύξοι
1345 902 1382 951 σε

205 979 224 1044 ὁ
257 983 339 1056 Θεὸς
366 990 569 1065 κοινωνῆσαι
596 981 676 1064 ημῖν
703 978 756 1045 ἐπὶ
785 989 830 1068 τῷ
858 979 936 1066 παρ’
966 982 1045 1067 ἡμῖν
1073 984 1239 1049 ε’κτεθέντι
1272 986 1381 1071 Triope,

204 1080 261 1142 καὶ
285 1076 485 1163 ἐξερχόμεθα
508 1080 601 1162 ἡμεῖς
624 1077 666 1143 δι’
695 1077 823 1144 ἑαυτῶν
846 1083 893 1155 είς
915 1081 977 1164 την
994 1084 1138 1164 Χαλκῆν,
1165 1081 1219 1147 καὶ
1244 1083 1382 1162 ἀσπαζό-

205 1177 294 1260 peon
313 1194 360 1259 σε,
378 1177 433 1241 καί
444 1177 682 1260 ,ὑποτιθέμεθα
701 1177 781 1261 ὑμῖν
798 1177 860 1260 τὴν
879 1190 972 1263 χεῖρα
990 1179 1094 1263 ἡμῶν,
1112 1178 1167 1245 καὶ
1181 1182 1262 1264 μετὰ
1275 1181 1382 1264 κνίσης

206 1285 301 1358 τιμῆς
329 1275 383 1338 καλ
412 1273 508 1358 δόξης
536 1275 711 1356 εἰσάγομεν
739 1274 823 1358 ὑμᾶς
854 1276 900 1351 εἰς
922 1279 984 1359 τὴν
1011 1278 1156 1361 μεγάλην
1175 1275 1381 1363 Ἐκκλησίαν,

204 1371 260 1436 καὶ
293 1371 368 1456 μεθ’
404 1372 532 1438 ἑαυτῶν
562 1373 704 1453 ἱστῶμεν
732 1372 769 1437 ἐν
796 1365 823 1460 ᾦ
851 1375 933 1438 κατὰ
961 1379 1147 1460 συνήθειαν
1175 1379 1207 1442 ολ
1235 1380 1382 1460 βασιλεῖς

205 1471 366 1553 ἵστανται,
389 1471 443 1535 καί
465 1480 628 1555 ποιοῦμεν
651 1471 717 1554 ἅμα
740 1471 800 1554 τὴν
821 1470 970 1554 σύναξιν,
993 1474 1047 1538 καλ
1070 1483 1299 1559 κοινωνοῦμεν
1317 1476 1383 1559 ἅμα

204 1579 273 1632 τῶν
296 1567 469 1654 ἀχρολντων
492 1569 546 1633 κοιλ
571 1572 739 1647 ζωοτοιῶν
761 1571 951 1653 μυστηρίων
970 1579 1031 1635 τοῦ
1050 1575 1213 1650 ζωοποιοῦ
1233 1575 1383 1656 σώματος

204 1667 259 1730 καλ
283 1666 419 1751 αἵματος
442 1675 502 1730 τοῦ
521 1670 680 1752 Χριστοῦ·
704 1663 759 1731 καὶ
783 1665 1052 1752 ἀνακηρύττομέν
1071 1686 1107 1733 σε
1129 1669 1262 1755 Πατέρα
1280 1670 1382 1754 ἡμῶν·

205 1765 259 1828 καλ
292 1769 418 1846 γίνεται
445 1765 530 1849 χαρὰ
553 1764 594 1829 οὐ
617 1766 724 1848 μόνον
751 1773 790 1850 τῇ
814 1769 1018 1852 φιλοχριστςδ
1041 1765 1095 1831 καλ
1119 1769 1266 1850 βασιλίδι
1289 1767 1383 1851 ἡμῶν
1413 1801 1417 1810 ·

205 1864 314 1944 πόλει,
342 1861 425 1927 ἀλλὰ
452 1863 505 1927 καλ
533 1862 621 1948 πίση
649 1871 688 1948 τῇ
717 1862 904 1948 οἰκουμένη.
952 1865 1099 1946 Οἴδαμεν
1128 1868 1191 1950 γὰρ
1215 1865 1383 1949 ἀσφαλῶς,

207 1960 257 2024 ὅτι
288 1968 350 2024 σοῦ
379 1970 623 2036 κοινωνοῦντος
651 1967 696 2046 τῷ
725 1959 807 2047 ἁγίῳ
835 1971 903 2024 τῶν
931 1959 1080 2026 ἐνταῦθα
1103 1966 1234 2050 θρόνῳ,
1263 1964 1383 2040 πάντες

207 2057 360 2122 ἑνοῦνται
380 2058 470 2142 ἡμῖν,
489 2061 521 2123 ol
541 2059 596 2124 dcci
615 2054 651 2123 oi
670 2055 725 2122 καὶ
745 2059 806 2141 τὴν
826 2060 888 2142 σὴν
907 2060 1126 2124 διδασκαλίαν
1145 2059 1382 2145 ἄτοσχίσαντες

206 2165 263 2238 τῆς
286 2159 462 2232 κοινωνίας
488 2157 607 2240 ἡμῶνίι.
616 2154 640 2243 1)

295 2257 338 2318 Ex
357 2258 405 2318 his
423 2260 612 2336 imperatoris
630 2258 730 2318 verbis
749 2258 835 2337 plane
850 2258 948 2319 elucet
961 2261 1101 2319 unionem
1116 2259 1383 2320 monotheletarum

207 2363 237 2415 et
257 2355 465 2416 ditheletarum
485 2355 546 2416 solo
566 2355 602 2415 ab
621 2355 744 2416 arbitrio
758 2356 877 2416 Maximi
897 2356 1087 2438 dependisse3
1107 2365 1137 2417 et
1151 2357 1236 2418 facile
1250 2356 1383 2436 intellegi

207 2460 305 2532 potest
333 2452 557 2514 Constantinum
589 2453 729 2514 maluisse
758 2454 793 2514 ad
822 2473 925 2515 omnes
954 2457 1162 2516 concessiones
1191 2455 1382 2535 descendere,

206 2559 239 2610 ut
262 2551 433 2629 Maximum,
457 2553 566 2630 quippe
590 2553 641 2630 qui
665 2552 741 2630 apud
765 2571 868 2612 omnes
892 2551 1075 2613 Christianos
1099 2555 1290 2632 gravissimae
1314 2573 1382 2615 auc·

206 2651 334 2709 toritatis
358 2658 451 2728 esset,
476 2649 533 2709 sihi
557 2649 741 2730 conciliaret,
765 2669 852 2730 quam
877 2669 945 2711 enm
969 2652 1160 2712 resistentem
1183 2653 1282 2712 statim
1306 2653 1384 2712 sicut

206 2747 365 2807 Martinum
384 2767 488 2826 papam
507 2749 622 2826 punire.
661 2746 719 2807 Sed
738 2765 775 2807 ne
795 2747 841 2806 his
860 2746 981 2826 quidem
996 2747 1213 2827 splendissimis
1228 2750 1384 2827 promissis

206 2844 351 2905 Maximus
375 2865 391 2905 a
414 2865 467 2905 sua
494 2848 641 2906 sententia
664 2844 770 2905 abduci
793 2847 896 2924 potuit.
943 2846 1043 2924 ltaque
1068 2844 1174 2906 Graeci
1197 2864 1276 2906 nunc
1300 2853 1383 2925 puta·

207 2951 315 3002 verunt
338 2961 370 3003 se
389 2961 449 3003 non
468 2945 526 3003 iam
545 2943 663 3021 hahere,
687 2943 765 3022 quod
784 2942 882 3003 abbati
901 2946 1068 3004 contumaci
1088 2944 1198 3004 diutius
1217 2951 1383 3022 parcerent.

207 3039 280 3101 Nam
304 3060 372 3101 cum
395 3042 417 3100 ii
441 3043 492 3120 qui
515 3040 638 3102 aderant
655 3040 813 3102 Maximum
831 3043 982 3121 proposita
1000 3044 1186 3121 imperatoris
1206 3043 1384 3104 refutantem

206 3138 354 3217 viderent,
383 3157 451 3198 eum
480 3138 654 3200 verberibus
683 3138 807 3218 aliisque
835 3140 1023 3200 contumeliis
1051 3141 1222 3201 alleoerunt.
1273 3140 1310 3200 Et
1338 3159 1384 3200 se·

206 3238 311 3315 quenti
341 3237 387 3297 die
416 3236 533 3297 Troilus
562 3244 591 3297 et
614 3237 796 3316 Epiphanius
820 3237 944 3297 Maximo
975 3236 1113 3298 dixerunt
1142 3256 1173 3298 se
1202 3240 1291 3298 etiarn
1319 3240 1384 3298 eius

207 3334 368 3414 discipulos
396 3336 613 3396 examinaturos
641 3353 708 3395 esse
737 3343 778 3414 et,
807 3337 833 3394 si
860 3335 895 3395 ah
924 3335 1059 3396 hostibus
1084 3329 1140 3418 (so.
1163 3335 1199 3396 ah
1222 3329 1383 3420 hrahihus)

205 3431 319 3512 aliquid
351 3434 404 3493 otii
436 3435 515 3494 nacti
548 3441 660 3512 essent,
692 3452 796 3512 papam
825 3452 956 3512 quoque,
987 3435 1038 3512 qui
1064 3452 1163 3512 „nunc
1192 3436 1306 3494 animos
1335 3453 1383 3494 ex·

207 3529 324 3591 toMeret
357 3539 387 3590 et
419 3529 639 3610 insolesceret“,
676 3540 706 3590 et
738 3549 841 3590 omnes
872 3530 1019 3591 Romanos
1052 3539 1234 3610 cunctosque
1266 3531 1384 3592 Maximi

207 3627 371 3707 discipulos
394 3628 472 3689 haud
496 3629 581 3690 aliter
604 3636 780 3689 tractaturos
799 3647 874 3708 esse,
899 3636 986 3708 atque
1005 3628 1164 3690 Martinum
1183 3647 1288 3708 papam
1308 3637 1383 3690 trac·

209 3719 392 3810 tavissent.²)

297 3823 387 3884 Paulo
418 3833 485 3884 ante
513 3827 681 3904 accepimus
705 3823 826 3885 Petrum
854 3823 1050 3903 patriarcham
1075 3827 1172 3886 animo
1196 3824 1271 3886 elato
1295 3825 1384 3885 Maxi·

207 3940 289 3983 mum
319 3924 476 3983 certiorem
501 3923 606 3983 iecisse
631 3922 772 3983 ecelesias
795 3921 1147 4002 Constantinopolitanam
1171 3931 1202 3983 et
1223 3921 1384 3984 Romanam

207 4021 307 4080 unitas
331 4037 406 4095 esse,
430 4029 585 4100 postquam
610 4019 797 4100 responsales
820 4019 944 4081 llomani
969 4019 1072 4100 dogma
1092 4022 1182 4080 trium
1201 4019 1384 4080 voluntatum

207 4116 422 4197 probavissent.
471 4118 523 4178 Sin
551 4137 620 4180 vero
648 4121 706 4179 iam
735 4117 871 4179 audimus
900 4117 1028 4180 Graecos
1055 4136 1147 4198 papae
1175 4119 1278 4195 irasci,
1306 4117 1384 4197 quod

204 4215 420 4294 „insolesceret
443 4223 473 4276 et
496 4219 609 4277 animos
633 4214 812 4294 extolleret“,
843 4215 941 4295 colligi
965 4215 1053 4277 dehet
1076 4214 1239 4276 discordias
1263 4217 1384 4276 interim

298 4425 323 4492 l)
343 4421 456 4494 Migne
474 4422 491 4476 l.
512 4441 533 4477 c.
554 4441 580 4492 p.
598 4429 647 4476 161
657 4441 697 4491 eq.
806 4425 833 4492 2)
852 4421 965 4494 Migne
984 4423 1003 4477 l.
1023 4440 1044 4476 ο.
1065 4441 1092 4492 p.
1109 4429 1167 4477 168.
