3304 5098
679 337 899 400 ..39-

193 522 342 582 siliarium
377 522 565 600 imperatoris
598 519 777 581 incolumem
805 521 935 579 evasisse
964 526 1073 579 narrat.
1127 517 1214 579 Certe
1245 520 1374 596 scriptor

196 639 261 681 rem
285 623 316 680 in
339 611 435 680 maius
457 618 547 696 tollit,
575 637 642 678 cum
667 637 702 678 ex
725 614 1043 696 „commemoratione“
1064 615 1217 677 videamus
1240 615 1373 676 Troilum

196 719 381 798 praelectum
410 725 439 776 et
467 721 540 792 „qao
567 733 693 776 comeo
718 716 834 776 555555α
859 717 950 774 vitam
974 716 1145 775 servavisse.
1191 714 1373 774 Innumero

195 817 422 877 interfectorum
445 813 590 875 nobilium
618 816 707 874 etiam
732 813 876 891 Georgius
899 812 1052 892 Magister,
1074 814 1214 891 princeps
1238 815 1374 873 coniura-

196 917 287 975 tionis
311 915 376 974 suit..

287 1011 372 1082 Quod
391 1012 427 1071 ad
446 1019 564 1090 tompus
584 1029 685 1071 rerum
704 1009 790 1070 modo
810 1015 1106 1069 commemoratarum
1125 1010 1239 1087 attinet,
1263 1008 1374 1068 Sebeos

197 1109 235 1170 de
260 1112 304 1170 eis
327 1109 417 1170 verba
441 1110 524 1188 iacit,
553 1117 710 1188 postquam
738 1107 774 1168 de
802 1126 875 1186 pace
898 1107 1035 1186 Procopii
1063 1108 1131 1186 egit.
1176 1107 1278 1186 ltaque
1305 1125 1374 1166 con·

198 1210 310 1270 iuratio
330 1214 398 1286 post
421 1224 530 1266 annum
550 1202 616 1266 650
639 1205 765 1266 conflata
788 1223 854 1265 esse
873 1203 999 1264 videtur.
1045 1204 1083 1264 Et
1101 1207 1170 1284 quia
1190 1206 1324 1284 quaestio
1343 1206 1375 1263 in

197 1306 358 1366 Martinum
387 1323 506 1383 papam,
541 1312 574 1364 ut
601 1304 678 1364 inira
707 1303 888 1381 videbimuS,
920 1302 966 1363 die
999 1299 1040 1364 19
1063 1303 1236 1364 Decembris
1264 1305 1376 1364 mensis

196 1405 269 1463 anni
302 1398 367 1463 653
398 1409 449 1462 aut
479 1396 544 1462 654
572 1403 707 1461 instituta
735 1407 793 1479 est,
824 1401 1031 1462 coniciendum
1058 1402 1133 1462 mihi
1155 1401 1273 1462 videtur
1296 1401 1376 1462 illam

197 1502 436 1561 coniurationem
466 1500 670 1577 gravissimam
700 1498 868 1577 intervallo,
899 1499 977 1578 quod
1007 1501 1087 1560 inter
1117 1519 1227 1560 annum
1258 1495 1323 1560 650
1348 1507 1377 1560 et

199 1597 393 1658 Decembrem
418 1599 488 1657 anni
511 1592 577 1658 654
600 1595 773 1674 intercedat,
796 1597 903 1656 iactam
927 1616 1002 1658 esse.

534 1849 579 1914 De
602 1849 762 1915 seditione
784 1849 1045 1940 Arneniorum.²)

291 1997 335 2058 Ab
354 1998 500 2059 Arabibus
524 1997 645 2078 quidem
665 1997 772 2058 Graeci
794 1997 974 2076 aliquamdiu
993 2016 1064 2076 pace
1085 1999 1218 2058 conlecta
1236 2001 1293 2058 tuti
1313 2017 1378 2058 esse

198 2095 386 2156 videbantur.
434 2095 491 2156 Sed
518 2095 603 2156 brevi
631 2103 698 2174 post
724 2097 756 2155 in
783 2095 919 2174 partibus
943 2097 1061 2174 imperii
1085 2095 1121 2155 ad
1145 2098 1291 2156 orientem
1313 2114 1379 2157 ver·

199 2194 340 2273 gentibus
364 2194 531 2272 periculum
555 2193 729 2253 imminebat
752 2187 940 2276 seditione2),
964 2212 1052 2273 quam
1074 2193 1208 2254 nonnulli
1227 2197 1379 2273 principes

201 2292 410 2352 Armeniorum
429 2291 584 2351 Theodoro
607 2291 681 2351 duce
706 2297 807 2350 contra
827 2291 1013 2351 Constantini
1036 2294 1195 2371 imperium
1214 2300 1379 2353 moverunt.

199 2389 360 2450 Tumultus
388 2392 547 2468 praecipue
576 2389 612 2448 ad
639 2407 689 2449 eas
717 2391 867 2467 regioneS,
896 2408 972 2468 quae
1000 2408 1092 2468 prope
1122 2390 1157 2450 ad
1181 2391 1380 2469 Atropatenen

204 2481 400 2571 (Aderhigan)
431 2490 448 2546 i.
474 2507 498 2547 e.
523 2487 559 2546 ad
585 2487 660 2547 linos
684 2486 899 2546 Saracenorum
923 2489 997 2547 sitae
1022 2497 1118 2567 erant,
1143 2495 1172 2548 et
1195 2505 1286 2567 pagos
1310 2506 1380 2566 gen·

201 2588 277 2646 tium
297 2585 425 2664 lberum,
449 2585 637 2663 Albanorum,
662 2584 843 2662 Sinniorum,
867 2584 993 2644 aliorum
1017 2585 1192 2664 pertinebat
1238 2585 1381 2664 Princeps

202 2691 301 2743 motus
332 2683 505 2743 Theodorus
536 2683 599 2743 luit.
650 2681 712 2742 lloc
742 2701 851 2742 nomen
882 2681 993 2743 Sebeos
1024 2683 1144 2762 quidem
1177 2682 1280 2762 tradit,
1296 2687 1300 2693 '
1314 2701 1381 2742 cum

201 2779 399 2859 Theophanes
428 2799 495 2840 eum
518 2779 732 2858 Pasagnathem
761 2780 896 2858 appellet
943 2781 1116 2841 Theodorus
1144 2801 1160 2840 a
1188 2780 1381 2841 Constantino

202 2880 384 2957 imperatore
407 2878 557 2937 Armeniis
581 2879 750 2956 praelectus
774 2887 804 2938 et
828 2878 969 2957 dignitate
993 2881 1111 2958 patricii
1129 2880 1290 2939 honoratus
1310 2886 1382 2957 erat,

206 2985 362 3055 postquam
386 2974 497 3034 Arabes
521 2993 597 3034 anno
618 2971 683 3035 642
702 2975 812 3036 Dubios
833 2970 937 3059 (Dvin)
958 2985 1046 3055 caput
1067 2986 1097 3037 et
1120 2979 1257 3056 regiones
1280 2976 1382 3036 Arme·

203 3075 271 3134 niae
295 3072 456 3134 orientales
476 3067 701 3156 diripuerunti)
742 3073 953 3134 Constantinus
972 3076 1081 3134 itemm
1101 3076 1268 3153 iterumque
1288 3073 1383 3134 Theo·

204 3171 277 3232 doro
297 3169 534 3231 benevolentiam
554 3172 737 3250 gratiamque
755 3171 929 3231 exhibuerat
944 3179 973 3232 et
988 3191 1023 3232 ex
1038 3172 1130 3232 altera
1145 3181 1229 3251 parte
1243 3175 1383 3252 princeps

204 3269 365 3330 Armenius
389 3270 507 3347 saepius
531 3270 703 3348 imperatori
727 3269 816 3330 tidem
841 3277 870 3330 et
894 3273 1024 3330 animum
1049 3277 1165 3349 gratum
1185 3274 1383 3350 praestiterat,

204 3386 275 3428 cum
300 3375 402 3427 contra
426 3366 576 3444 Agarenos
600 3369 630 3426 in
654 3369 823 3427 Armeniam
848 3370 1035 3428 incurrentes
1058 3370 1257 3446 pugnavisset.

296 3464 390 3525 Causa
418 3464 573 3525 seditionis
596 3465 674 3524 haud
699 3467 759 3524 scio
784 3485 820 3524 an
845 3466 936 3526 luerit
959 3466 1039 3526 haec.
1086 3465 1131 3525 llli
1154 3469 1307 3545 principes
1331 3468 1384 3526 Ar-

206 3565 309 3642 menii,
343 3581 470 3642 quorum
502 3565 570 3642 pagi
603 3565 633 3622 in
665 3571 796 3624 extrema
828 3571 912 3642 parte
944 3565 1062 3642 imperii
1093 3563 1199 3624 Graeci
1229 3567 1279 3624 siti
1310 3565 1384 3624 fines

205 3660 336 3721 bostium
364 3663 499 3739 proxime
527 3663 701 3740 attigemnt,
730 3661 889 3740 Arabibus,
917 3664 969 3741 qui
997 3665 1155 3741 quotannis
1183 3662 1385 3722 invasionibus

205 3765 319 3818 terram
343 3757 496 3836 vexabant,
521 3758 632 3818 diutius
652 3761 792 3819 resistere
811 3778 870 3819 non
890 3767 1059 3839 potuerunt,
1082 3761 1259 3839 praesertim
1281 3779 1385 3820 cuma

205 3853 330 3916 Graecis
352 3873 457 3934 parum
482 3864 532 3916 aut
555 3858 676 3916 minime
701 3859 794 3935 copiis
818 3856 1041 3939 adiuvarentur,
1066 3860 1165 3937 itaque
1189 3857 1295 3917 melius
1319 3876 1385 3918 esse

299 4047 324 4113 1)
343 4045 561 4098 Accurstissime
581 4046 615 4100 de
634 4045 687 4099 555
701 4045 854 4100 rebellione
873 4065 890 4100 5
905 4046 993 4102 Sebeo
1008 4047 1150 4113 Armenio,
1170 4047 1306 4116 scriptore
1321 4064 1386 4100 cou-

207 4127 399 4194 temporaneo,
419 4125 552 4180 docemur
570 4129 641 4196 (cap.
662 4130 714 4195 35).

299 4209 326 4272 2)
345 4204 448 4260 Sebeos
471 4205 639 4260 seditionem
662 4223 736 4260 enno
760 4207 926 4262 duodecimo
949 4207 1062 4276 imperii
1081 4205 1259 4261 Constantini
1277 4206 1387 4274 tribuit,

207 4285 259 4354 qui
277 4284 359 4339 nobis
382 4286 415 4338 A.
430 4285 464 4339 D.
484 4291 535 4339 ott
559 4287 766 4356 intellegendus
790 4289 840 4341 est.
884 4287 957 4341 Huic
981 4287 1101 4356 tempori
1124 4286 1275 4356 respondet
1298 4286 1387 4340 Theo-

209 4365 313 4434 phanis
333 4367 364 4419 A.
376 4365 413 4419 M.
433 4371 502 4420 6143
518 4393 551 4410 =
567 4367 646 4438 65112
666 4369 704 4436 (p.
724 4373 784 4434 344,
795 4371 917 4436 isssqq.).

301 4450 327 4513 3)
347 4446 451 4500 Sebeos
469 4446 487 4499 l.
509 4464 530 4501 c.
551 4463 577 4514 p.
600 4451 719 4516 100sqq.
741 4453 799 4502 108.
