3304 5098
766 313 984 377 ,22-

287 493 382 572 Atque
405 501 440 554 ut
462 493 551 554 verba
575 512 628 554 sua
652 493 866 574 corroboraret,
890 497 954 574 ipse
974 499 1059 556 testis
1078 496 1180 558 aderat
1199 497 1353 557 Constanti
1372 499 1467 558 sacris

288 590 465 652 Christianis
492 591 636 652 initiando
660 599 748 670 atque
771 610 893 653 crucem
916 613 1006 654 manu
1026 595 1251 674 apprehendens
1270 595 1362 674 Pyrro
1380 614 1466 674 prae-

288 699 372 750 sente
395 692 505 750 iuravit
527 689 637 751 liberos
661 689 848 752 Constantini
870 709 967 770 neque
986 711 1004 751 a
1027 712 1059 753 se
1083 712 1180 772 neque
1205 693 1240 753 ab
1265 694 1321 754 alio
1341 695 1466 754 iniurias

287 797 462 868 accepturos
494 784 598 872 esse.¹)
654 789 736 850 ldem
766 789 953 850 Valentinum
983 800 1155 870 suspectum
1186 792 1312 852 reddere
1342 800 1465 853 conatus

287 895 342 965 est,
365 905 403 947 ne
423 885 740 966 Constantinopolitani
763 907 832 948 oum
850 887 901 947 illo
921 891 1132 967 consentirent,
1157 889 1259 950 dicens
1278 890 1466 951 Valentinum

286 983 356 1044 filiis
379 983 565 1045 Constantini
588 986 712 1046 insidias
737 985 891 1064 cohocare,
915 988 983 1065 quia
1005 989 1071 1066 ipse
1094 989 1254 1066 imperium
1274 982 1465 1071 appetereffl)

286 1081 401 1153 Quibus
415 1082 515 1143 verbis
534 1101 605 1143 num
620 1101 724 1144 verum
745 1083 860 1162 dixerit,
881 1083 1037 1144 diiudicari
1056 1087 1168 1164 nequit.
1202 1085 1338 1164 Suspicio
1358 1093 1465 1165 autem,

285 1180 473 1241 Valentinum
505 1199 565 1240 non
595 1189 656 1241 tam
682 1189 717 1241 ut
744 1181 820 1241 lilios
849 1181 1035 1242 Constantini
1062 1191 1198 1244 tueretur
1230 1203 1318 1263 quam
1346 1192 1380 1244 ut
1407 1184 1466 1243 sibi

285 1279 344 1357 ipsi
372 1297 518 1339 summam
540 1280 661 1358 imperii
685 1281 846 1340 ascisceret
869 1289 982 1340 motum
1006 1283 1151 1341 excitasse
1174 1283 1234 1341 iam
1252 1282 1308 1342 hoc
1332 1291 1465 1361 tempore

285 1395 345 1436 non
375 1376 505 1437 debuisse
532 1376 664 1458 ridetur3
697 1396 764 1437 nam
794 1380 883 1438 etiam
912 1378 1023 1457 Pyrrus
1046 1380 1234 1440 Valentinum
1262 1382 1465 1459 usurpationis

285 1475 404 1554 imperii
436 1469 664 1558 insimulavitl),
697 1493 786 1553 quam
816 1475 895 1536 haud
927 1477 1020 1537 multo
1050 1486 1117 1556 post
1145 1497 1177 1538 re
1205 1496 1275 1538 vera
1302 1479 1465 1556 perlectam

285 1589 352 1632 esse
380 1573 457 1632 inira
485 1572 661 1633 ridebimus.
712 1571 892 1634 Heraclonas
919 1578 1070 1653 putavisse
1097 1575 1216 1637 ridetur
1239 1595 1285 1654 se,
1308 1584 1465 1654 postquam

285 1669 395 1730 liberos
414 1669 600 1731 Constantini
619 1672 650 1730 in
673 1677 737 1731 tuto
756 1689 823 1732 esse
841 1675 1102 1752 pronuntiavisset,
1126 1677 1290 1736 exercitum
1305 1673 1465 1735 Chalcedo-

284 1787 409 1829 nensem
428 1787 614 1829 commovere
633 1787 730 1848 posse,
753 1777 786 1828 ut
805 1769 965 1831 hostilibus
985 1771 1152 1850 desisteret,
1177 1791 1242 1832 cum
1263 1775 1327 1851 ipse
1344 1772 1465 1832 Chalce-

286 1865 392 1927 donem
421 1869 544 1927 veniens
573 1885 673 1927 coram
701 1869 795 1946 copiis
823 1870 932 1928 iterum
960 1869 1109 1930 affirmare
1137 1877 1167 1930 et
1195 1873 1294 1930 iurare
1320 1870 1409 1930 vellet
1432 1889 1464 1930 se

285 1963 401 2043 placido
425 1967 523 2024 animo
546 1967 578 2024 in
598 1964 789 2026 Constantem
809 1983 883 2024 esse.
921 1965 975 2026 llis
994 1975 1093 2028 autem
1113 1967 1360 2028 affirmationibus
1380 1987 1464 2029 ezer·

286 2064 363 2122 citus
387 2069 544 2122 contentus
569 2081 635 2123 esse
654 2081 713 2123 nou
732 2065 837 2142 potuit,
861 2066 930 2142 quia
948 2063 1094 2124 seditione
1112 2065 1144 2125 id
1163 2065 1314 2144 agebatur,
1337 2074 1371 2125 ut
1389 2065 1465 2126 Con·

285 2168 379 2238 stans,
408 2160 487 2219 filius
506 2159 692 2220 Constantini
710 2161 745 2239 ll,
771 2163 934 2239 imperator
956 2163 1173 2223 institueretur.
1221 2164 1322 2242 ltaque
1349 2162 1465 2242 accidit,

255 2288 259 2298 ·
285 2266 319 2318 ut
337 2257 517 2318 Heraclonas
541 2277 556 2317 a
576 2257 730 2318 Valentino
753 2276 813 2318 non
837 2266 977 2338 acceptus
996 2279 1029 2320 re
1048 2261 1158 2321 inlecta
1178 2261 1464 2340 Constantinopolim

285 2357 498 2416 remitteretur.
536 2355 624 2416 Teste
643 2354 819 2435 Nicephoro,
839 2359 890 2434 qui
909 2357 990 2418 solus
1010 2357 1046 2418 de
1065 2359 1121 2418 hac
1140 2361 1255 2419 actione
1274 2361 1464 2437 imperatoris

284 2454 395 2514 frustra
424 2461 562 2533 suscepta
590 2472 644 2513 nos
660 2455 812 2536 ¹certiores
836 2456 915 2534 facit,
940 2455 1081 2535 Byzantii,
1104 2467 1261 2536 postquam
1285 2456 1465 2518 Heraclonas

285 2570 359 2630 quae
383 2559 465 2630 gesta
490 2554 550 2612 sint
572 2554 715 2630 narravit,
747 2553 900 2614 Valentino
923 2554 1141 2614 maledixerunt
1165 2563 1194 2614 et
1217 2557 1390 2633 imperatori
1413 2555 1464 2614 ob·

283 2644 496 2734 oediverunt.4)

300 2777 302 2782 .
373 2747 412 2808 Ut
439 2756 511 2808 tuno
540 2747 660 2826 quidem
689 2751 768 2808 cives
792 2768 824 2809 re
848 2769 917 2810 vera
941 2751 1122 2830 aliquamdiu
1145 2750 1363 2830 imperantibus
1386 2751 1463 2810 fave·

284 2853 363 2924 runt,
386 2847 427 2906 ita
451 2864 554 2906 eorum
579 2847 670 2905 animi
693 2846 777 2905 brevi
800 2855 867 2925 post
885 2851 991 2909 mutati
1010 2856 1087 2908 sunt.
1129 2848 1213 2908 Multi
1233 2850 1312 2908 enim
1332 2848 1464 2927 Byzantii

284 2942 469 3003 Chalcedone
497 2945 595 3003 vineta
623 2942 785 3025 habebant3
818 2964 885 3005 cum
914 2954 1013 3006 autem
1040 2954 1159 3025 tempus
1185 2947 1352 3006 vindemiae
1381 2965 1464 3006 acce-

286 3040 378 3119 deret,
401 3044 502 3102 vinum
521 3060 581 3101 non
603 3041 698 3101 solum
718 3042 857 3120 colligere
879 3062 938 3102 non
957 3051 1126 3124 potuerunt,
1151 3047 1219 3122 quia
1238 3047 1340 3122 copiae
1360 3044 1464 3104 Valen-

283 3141 340 3199 tini
364 3139 580 3200 Chalcedonem
608 3149 836 3218 occupaverant,
866 3140 917 3200 sed
948 3143 1036 3201 etiam
1064 3141 1203 3202 viderunt
1229 3142 1339 3202 milites
1362 3144 1464 3202 vineas

285 3235 392 3298 delere.
439 3237 503 3306 Quo
527 3238 637 3298 lactum
661 3245 719 3316 est,
742 3245 775 3298 ut
798 3246 898 3317 partes
921 3257 1038 3318 eorum,
1062 3242 1113 3319 qui
1136 3240 1317 3301 Heraclonae
1342 3244 1465 3319 eiusque

284 3337 372 3395 sociis
399 3337 514 3395 inimici
542 3344 639 3414 erant,
668 3337 698 3394 in
726 3335 801 3396 urbe
828 3355 1007 3416 magnopere
1036 3347 1217 3416 augerentur
1245 3346 1274 3399 et
1301 3338 1464 3417 indignatio

284 3435 393 3493 civium
417 3441 599 3512 erumperet,
624 3436 731 3512 quint
754 3436 856 3512 copiae
880 3453 967 3512 quam
992 3436 1148 3496 celerrime
1173 3436 1357 3498 Chalcedone
1381 3455 1463 3496 rece·

285 3530 390 3591 derent
413 3525 627 3614 cupiveruntss’)
1472 3551 1474 3555 ·

372 3629 483 3690 Rerum
516 3637 667 3707 gestarum
705 3649 780 3708 quae
813 3638 931 3690 secutae
970 3639 1039 3690 sunt
1072 3632 1192 3692 difficile
1226 3641 1271 3692 est
1304 3635 1464 3712 imaginem

284 3727 395 3788 claram
421 3745 602 3806 proponere,
631 3728 699 3804 quia
727 3727 823 3788 sontes
848 3727 905 3789 duo
933 3763 970 3771 -
996 3729 1120 3789 loannes
1150 3738 1179 3790 et
1202 3729 1396 3809 Nicephorus,
1421 3764 1463 3773 ——

284 3824 392 3904 quibus
422 3825 582 3904 praecipue
612 3826 738 3903 utimur,
773 3827 804 3884 in
840 3826 930 3886 rebus
965 3827 1103 3906 gravibus
1134 3826 1324 3888 dissentiunt.
1377 3827 1463 3888 Nice·

283 3923 396 4002 phorus
418 3942 446 4001 p.
471 3918 653 4002 30,1zsqq.
676 3922 746 3983 talia
770 3924 874 3984 refert:
899 3927 979 3984 cives
999 3925 1132 4003 Byzantii
1155 3944 1223 3985 cum
1247 3929 1465 4004 comperissent

282 4023 383 4082 uineas
403 4020 659 4082 Chalcedonenses
682 4021 718 4080 ab
742 4025 875 4082 exercitu
894 4022 1041 4082 Valentini
1066 4021 1167 4102 deleri,
1191 4023 1352 4084 clamantes
1370 4023 1463 4103 Pyrro

283 4118 470 4202 patriarchae
493 4120 675 4198 institerunt,
698 4127 732 4179 ut
753 4118 944 4180 Constantem
964 4127 1128 4181 coronaret.
1175 4121 1333 4201 Postquam
1353 4121 1464 4200 Pyrrus

375 4263 748 4333 ummpmmw
860 4265 1127 4335 mmpmz
1280 4309 1281 4313 ,

375 4346 400 4413 3)
420 4342 491 4397 Ibid.
511 4362 538 4413 p.
559 4349 659 4412 30,16.
858 4349 885 4414 4)
904 4344 1022 4414 Niceph.
1043 4365 1070 4415 p.
1091 4351 1133 4411 30,
1150 4351 1234 4414 dsqq.

373 4427 399 4494 ὅ)
418 4423 537 4494 Niceph.
557 4435 584 4494 p.
605 4429 766 4494 30‚12sqq.
