3304 5098
703 320 901 381 -η-

215 497 272 585 34)
294 502 399 563 elucet.
432 501 584 571 Quomodo
605 510 703 561 autem
723 508 853 560 extrema
874 520 942 579 pars
960 501 1049 561 huius
1065 503 1243 562 narrationis
1258 493 1300 582 (p.
1316 497 1391 578 346,

217 595 324 684 9sqq.)
345 601 594 660 contaminatione
613 599 818 659 inticetissima
838 603 1000 679 composita
1019 603 1066 678 sit,
1089 600 1167 660 inira
1187 599 1390 659 demonstrare

215 697 311 757 liceat.
358 698 452 776 Atque
474 697 640 757 ridebimus
665 699 840 776 scriptorem
864 700 895 757 in
918 698 1030 777 proelio
1054 698 1213 758 Phoenicio
1236 696 1390 757 tractando

214 795 329 856 duabus
353 795 573 856 narrationibus
597 814 684 856 usum
709 813 788 873 esse,
815 814 888 874 quas
912 795 1039 874 simplici
1062 813 1164 855 errore
1188 793 1390 872 Theophanes,

212 896 283 972 quia
307 893 386 953 idern
410 896 457 972 agi
481 912 539 952 non
563 893 751 970 intellexerit,
774 900 887 954 temere
907 893 1082 954 contuderit.
1125 892 1269 952 Narratur
1288 886 1390 976 hoc¹):

213 989 306 1051 “cum
322 991 467 1052 Constans
488 985 544 1073 (sc.
560 991 772 1052 Constantinus
786 986 840 1076 ΙΙΙ)
860 993 1022 1070 imperator
1040 991 1141 1052 hostes
1161 990 1217 1050 sihi
1236 991 1391 1050 victoriam

212 1109 318 1169 parere
341 1090 478 1167 vidisset,
507 1090 620 1150 homini
647 1091 748 1150 nescio
777 1090 825 1150 cui
853 1096 965 1148 vestem
994 1107 1077 1148 suam
1100 1088 1205 1149 induit.
1252 1087 1288 1148 Et
1311 1088 1390 1148 filius

214 1187 400 1254 Bucinatoris
425 1196 511 1247 antea
535 1196 782 1250 commemoratus
804 1189 836 1246 in
859 1205 964 1246 navem
988 1187 1100 1264 regiam
1124 1185 1238 1246 insiluit
1264 1194 1293 1246 et
1314 1186 1389 1247 Con·

211 1294 341 1346 stantem
360 1294 511 1364 arreptum
531 1287 561 1344 in
582 1285 668 1344 aliam
687 1303 792 1345 navem
810 1287 1021 1364 transportavit
1040 1291 1069 1344 et.
1087 1291 1207 1362 praeter
1220 1285 1389 1362 opinionem

130 1423 133 1430 ·
212 1386 349 1444 servavit
396 1384 462 1461 lpse
489 1384 605 1443 fortiter
628 1385 658 1442 in
682 1384 749 1442 navi
772 1383 960 1461 imperatoris
984 1383 1125 1441 insistens
1148 1380 1257 1441 multos
1281 1382 1389 1442 occidit

212 1498 245 1540 se
266 1499 319 1560 pro
339 1483 518 1559 imperatore
538 1482 766 1558 generosissime
785 1482 873 1540 morti
892 1481 1029 1540 oilerens.
1064 1477 1159 1548 Quem
1177 1478 1285 1557 hostes,
1309 1487 1388 1558 post·

211 1597 301 1656 quam
320 1597 389 1638 eum
408 1578 671 1638 circumdederunt
689 1580 769 1639 etin
787 1577 885 1638 medio
905 1584 1073 1655 tenuerunt,
1093 1579 1301 1656 imperatorem
1321 1596 1388 1639 esse

212 1679 269 1736 rati
297 1685 373 1738 sunt.
421 1677 494 1736 Cum
523 1676 631 1736 multos
661 1678 840 1753 necavisset,
868 1677 968 1736 hostes
997 1695 1065 1735 eum
1092 1675 1307 1737 interfecerunt
1328 1695 1387 1736 una

211 1793 280 1834 cum
303 1775 362 1852 illo,
387 1777 438 1853 qui
462 1781 542 1834 veste
566 1776 754 1853 imperatoris
778 1773 899 1834 indutus
924 1781 995 1834 erat.
1041 1773 1205 1852 Imperator
1226 1782 1324 1834 autem
1344 1776 1387 1835 sic

210 1871 328 1950 fugatus
357 1880 492 1932 servatur
519 1879 549 1932 et
576 1891 678 1932 omnes
708 1872 879 1951 relinquens
907 1871 1191 1950 Constantinopolim
1219 1890 1292 1932 nave
1320 1891 1386 1933 vec·

209 1978 257 2028 tus
282 1966 360 2029 est.’'

299 2066 375 2128 Huic
399 2067 587 2146 Theophanis
611 2071 762 2128 contextui
791 2071 863 2128 satis
887 2068 1151 2146 discrepantiarum
1175 2070 1274 2128 inesse
1298 2087 1386 2148 appa-

210 2173 265 2224 ret,
312 2165 407 2225 Verba
427 2168 506 2225 enim
526 2158 568 2246 (p.
589 2163 663 2243 346,
681 2160 736 2249 15)
761 2163 970 2227 ...ἐδόκουν
988 2163 1092 2226 αὐτὸν
1111 2157 1196 2226 εἶναι
1216 2163 1274 2226 τὸν
1292 2165 1385 2244 βασι-

208 2259 266 2324 λέα
290 2263 345 2324 hoc
369 2263 433 2323 loco
457 2263 494 2323 ad
518 2262 611 2323 hlium
630 2263 817 2324 Bucinatoris
837 2265 1016 2341 reseruntur,
1040 2282 1218 2342 quamquam
1237 2265 1302 2324 fieri
1326 2283 1385 2324 non

208 2363 313 2440 potuit,
334 2364 405 2440 quin
420 2362 520 2421 hostes
539 2361 632 2438 illum,
656 2364 707 2440 qui
726 2365 915 2440 imperatoris
934 2369 1014 2421 veste
1034 2360 1155 2421 indutus
1175 2361 1273 2440 luerit,
1292 2363 1384 2440 impe·

209 2468 338 2519 ratorem
368 2461 467 2538 ipsum
496 2477 562 2519 esse
591 2468 756 2519 censerent.
807 2460 919 2521 Deinde
948 2458 1092 2538 quaedam
1120 2457 1209 2519 verba
1237 2478 1384 2538 vocesque

207 2555 254 2616 his
278 2557 457 2618 reseruntur.

297 2654 427 2715 lluarnm
460 2654 750 2715 rrarratiuncularnm
783 2673 856 2734 quas
884 2655 1078 2734 Theophanes
1112 2656 1289 2734 conscripsit
1322 2655 1384 2716 sola

210 2752 303 2812 altera
327 2771 342 2812 a
363 2751 489 2831 Georgio
509 2751 651 2812 Monacho
676 2745 735 2833 (ed.
761 2751 801 2812 de
824 2752 927 2832 Boor,
951 2772 978 2832 p.
1000 2749 1073 2830 716,
1088 2746 1227 2837 21sqq.),
1251 2752 1343 2814 altera
1367 2773 1383 2814 a

208 2849 429 2929 Bar-Hebraeo,
453 2849 526 2930 Syro
548 2858 677 2928 auctore,
701 2849 859 2911 exhibetur
882 2853 938 2926 sic,
966 2858 999 2910 ut
1023 2852 1110 2910 etiam
1135 2869 1171 2910 ex
1195 2850 1383 2930 Theophanis

206 2957 348 3009 contextu
370 2956 497 3027 utraque
522 2948 636 3009 extrahi
659 2950 762 3027 possit.
809 2947 851 3009 Cl.
875 2949 962 3008 haec:

288 3113 294 3121 ‚
446 3071 550 3151 Georg.
575 3073 664 3132 Mon:
1096 3073 1240 3152 Theoph:

248 3165 446 3248 Ἐπιβουλῆς
465 3163 501 3231 δὲ
519 3169 725 3249 μηνυθείσης
743 3177 788 3254 τῷ
807 3170 900 3249 βασι·
927 3183 929 3240 l

209 3269 269 3344 λεί,
294 3263 528 3329 ἀνακοινοῦται
548 3265 671 3346 ταύτην
690 3267 814 3350 γνησίῳ
834 3267 900 3329 τινλ

204 3374 273 3426 τῶν
292 3361 448 3444 ὑπηκόων
468 3361 589 3427 ἑαυτοῦ
604 3366 702 3446 φίλω,
722 3355 749 3448 ᾦ
767 3363 821 3427 καλ
839 3364 900 3446 τὴν
926 3406 928 3459 η
956 3413 962 3426 .
978 3413 984 3426 .
1000 3361 1134 3428 ἐνέδυσε
1150 3365 1306 3428 ...ἄλλον
1320 3367 1382 3449 τὴν

206 3461 298 3524 ἰδίαν
327 3459 452 3543 ἐσθῆτα
475 3463 556 3524 κατὰ
580 3461 641 3543 τὴν
664 3459 794 3524 ἐκείνου
818 3478 899 3544 συμ-
926 3494 928 3561 η
955 3459 1081 3543 ἐσθῆτα
1100 3461 1213 3526 αὐτοῦ.

207 3561 334 3642 βουλὴν
375 3559 517 3634 ἐνδόσας
558 3557 612 3623 καὶ
655 3561 701 3634 είς
742 3559 927 3669 πενιχρὸνη

205 3662 325 3722 πλοῖον
363 3658 526 3722 εἰσελθὼν
562 3659 627 3721 σὺν
663 3656 789 3738 ὀλίγοις
823 3656 899 3722 ἀπέ-
925 3672 927 3735 3
954 3655 1227 3721 ...ἀπέπλευσεν
1240 3654 1278 3720 ἐν
1291 3659 1380 3722 Κπό-

205 3761 328 3820 πλευσε
346 3757 403 3820 διὰ
422 3764 479 3837 τῆς
497 3756 616 3832 νυκτὸς
635 3753 671 3819 ἐν
691 3757 817 3819 Κπόλει
836 3772 898 3819 σω-
925 3794 927 3842 η
954 3759 1013 3819 λει.

205 3851 280 3928 dele
307 3852 508 3938 παραδόξως.
559 3863 598 3938 τῇ
627 3849 664 3917 δὲ
692 3851 853 3937 ἐπαύριον
880 3854 897 3918 ὁ
925 3874 926 3934 j
954 3902 960 3915 .
985 3903 992 3915 .
1016 3903 1023 3916 .
1047 3851 1240 3934 παραδόξως
1263 3853 1378 3918 διέσω-

204 3952 265 4034 την
283 3951 459 4034 βασιλικὴν
478 3949 603 4034 ἐσθῆτα
622 3950 898 4036 περιβεβλημένος
924 3940 926 3986 ³
953 3967 1020 4014 σεν.

204 4047 336 4124 ἐπιστὰς
365 4057 404 4133 τῇ
432 4051 586 4133 βασιλικῇ
614 4051 672 4130 νηῒ
698 4050 896 4114 συνάπτεται
923 4066 925 4129 l
952 4048 1151 4125 ...ἐπιστὰς
1170 4059 1209 4132 τῇ
1223 4051 1377 4135 βασιλικῇ

201 4147 357 4227 πόλεμον.
403 4147 443 4212 ὃν
467 4147 499 4210 ολ
520 4146 672 4230 πολέμιοι
695 4149 896 4225 περικυκλώ-
922 4174 924 4263 η
951 4149 1015 4228 νηΐ.
1054 4155 1242 4210 ...τοῦτον
1261 4144 1297 4212 δὲ
1320 4173 1377 4212 κυ-

202 4253 319 4320 σαντες
359 4245 537 4320 δοκοῦντες
579 4245 680 4310 αὐτὸν
718 4237 802 4310 εἶναι
838 4246 896 4310 τὸν
922 4270 924 4311 ι
950 4246 1135 4319 πλώσαντες
1163 4247 1195 4309 ολ
1226 4245 1377 4329 πολέμιοι

294 4432 318 4495 1)
337 4428 461 4498 Theoph.
481 4429 524 4482 od.
544 4429 583 4482 da
603 4427 689 4483 Boor
706 4430 720 4483 I
737 4447 763 4499 p.
780 4435 934 4498 Μαλθακη.
