3304 5098
753 304 974 370 ..84-

363 483 607 546 Descrihentibus
630 483 725 564 nohis,
749 504 822 565 quas
846 505 895 548 res
915 485 1126 548 Constantinus
1149 489 1180 547 in
1201 487 1300 548 Sicilia
1318 490 1455 567 gesserit,

276 585 450 646 tenuissima
491 584 616 662 vestigia
657 583 735 663 apud
777 586 940 662 scriptores
977 602 1043 644 esse
1080 583 1164 646 valde
1203 583 1363 646 dolendum
1400 593 1454 647 est.

274 682 375 762 ltaque
409 681 476 742 lieri
504 698 565 740 non
592 689 702 761 potest,
734 689 768 742 ut
795 683 938 762 temporis
968 684 1093 742 extremi
1120 684 1240 762 imperii
1268 683 1455 744 Constantini

273 782 433 859 imaginem
455 778 603 840 illustrem
626 797 835 860 proponamus.
872 778 947 840 Nam
966 778 1072 840 Graeci
1095 787 1232 841 auctores
1250 783 1371 841 omnino
1390 780 1454 842 fere

273 877 348 939 nihil
377 876 413 938 de
440 875 500 937 illis
529 877 614 938 annis
641 876 839 960 prodiderunt
862 884 892 936 et
914 875 1012 938 Latini
1035 877 1156 956 quidem
1180 878 1277 940 solum
1299 878 1454 958 malorum,

274 975 383 1056 quibam
420 973 632 1036 Constantinus
674 974 786 1035 incolas
822 976 1044 1054 provinciarum
1081 976 1309 1037 occidentalium
1346 977 1453 1057 affecit,

273 1075 456 1135 mentionem
488 1073 632 1133 lecerunt.
678 1071 716 1132 Et
747 1091 816 1132 cum
849 1091 884 1132 ex
918 1073 989 1134 solis
1017 1073 1150 1134 Arabicis
1183 1074 1314 1136 fontibus
1342 1074 1454 1154 aliquid

274 1171 310 1233 de
347 1171 455 1250 pugnis
493 1177 523 1232 et
559 1169 809 1249 expeditionibus,
851 1189 925 1249 quas
965 1173 1128 1250 imperator
1165 1179 1268 1233 contra
1304 1173 1453 1250 Agarenos

274 1270 419 1348 suscepit,
447 1266 615 1347 audiamus,
644 1267 765 1328 difficile
789 1274 835 1328 cst
859 1267 1034 1347 diiudicatu,
1064 1277 1209 1348 quatenus
1232 1270 1288 1331 hae
1311 1269 1452 1330 Arabicae

273 1368 467 1444 narrationes,
487 1383 563 1444 quae
577 1365 670 1426 multo
685 1373 754 1444 post
771 1384 820 1426 res
840 1373 938 1444 gestas
954 1369 1133 1446 compositae
1149 1375 1226 1447 sunt,
1246 1367 1283 1428 ad
1297 1369 1453 1429 veritatem

273 1464 422 1526 accedant.

363 1561 588 1640 Constantinus,
617 1579 685 1627 cum
708 1563 740 1620 in
764 1560 866 1622 Sicilia
888 1571 1066 1642 versaretur,
1094 1565 1174 1624 inter
1197 1563 1253 1624 alia
1274 1564 1333 1624 hoc
1356 1565 1452 1642 egisse

272 1661 402 1739 videtur,
430 1667 464 1720 ut
492 1659 682 1720 exarchatum
709 1658 894 1739 Africanum,
923 1679 1011 1739 quem
1034 1661 1220 1740 temporibus
1245 1661 1379 1740 Gregorii
1401 1680 1452 1740 pa-

274 1760 354 1819 tricii
377 1757 413 1818 ab
437 1759 563 1836 imperio
583 1755 694 1818 Graeco
719 1755 866 1818 defecisse
890 1761 1069 1838 accepimus
1094 1758 1148 1819 suh
1174 1778 1257 1819 suam
1275 1765 1452 1838 potestatem

273 1856 432 1935 redigeret.
479 1854 621 1933 Gregorio
658 1855 815 1916 interfecto
848 1855 976 1916 Africam
1009 1856 1190 1935 aliquamdiu
1223 1876 1239 1916 a
1272 1855 1451 1918 Graecorum

275 1954 390 2014 dicione
414 1952 577 2014 absolutam
601 1971 668 2014 esse
690 1953 795 2014 Diehl
818 1948 969 2038 conicit.¹)
1013 1953 1071 2014 Sed
1095 1955 1268 2032 imperatori
1292 1955 1452 2032 contigisse

273 2052 399 2132 videtur,
422 2059 457 2112 ut
475 2050 721 2130 septentrionales
739 2058 840 2131 partes
859 2053 1029 2130 provinciae
1048 2053 1205 2130 reciperet,
1226 2071 1294 2112 cum
1312 2051 1452 2112 meridio-

272 2151 356 2211 nales
375 2148 496 2229 quidem
514 2147 647 2228 perditae
668 2142 811 2232 essent.²)
850 2148 957 2228 Copiae
971 2149 1125 2211 Africanae
1140 2151 1314 2229 imperatori
1328 2168 1452 2229 prorsus

274 2247 389 2309 deditae
431 2247 524 2308 fuisse
560 2246 711 2328 videntur3
753 2265 821 2307 nam
859 2246 1050 2332 Constantino
1088 2249 1244 2308 interfecto
1281 2247 1452 2308 Africanum

273 2347 436 2406 exercitum
470 2363 538 2405 cum
565 2343 666 2404 ltalico
699 2344 736 2404 ad
763 2344 923 2424 Mizizium,
956 2348 1066 2425 quippe
1099 2364 1187 2424 quem
1220 2347 1321 2424 copiae
1354 2347 1451 2406 orien-

272 2444 346 2504 tales
383 2445 592 2522 immratcrem
624 2441 898 2523 proclamavisscnt,
936 2442 1164 2523 opprimendum
1197 2442 1338 2503 accedere
1371 2445 1452 2503 inve·

271 2534 412 2626 munci)

362 2638 572 2700 Constantinus
595 2641 627 2698 in
646 2638 746 2699 Sicilia
768 2641 916 2717 imprimis
934 2639 1079 2700 Arabibus
1102 2637 1311 2718 impugnandis
1331 2657 1451 2716 operam

273 2737 390 2798 dedisse
413 2737 538 2797 videtur.
575 2737 739 2815 Imperator
756 2738 814 2797 iam
834 2755 910 2796 anno
929 2733 995 2797 664
1014 2755 1082 2798 cum
1101 2737 1243 2814 Agarenis
1263 2738 1452 2797 concurrisse

272 2835 421 2914 putandus
436 2843 490 2913 est,
505 2836 556 2914 qui
566 2834 745 2912 Theophane
759 2842 835 2895 teste
850 2835 881 2894 A.
893 2837 932 2894 M.
947 2829 1034 2895 6155
1050 2828 1097 2917 (A.
1109 2833 1166 2894 Sel.
1178 2827 1257 2917 975)
1273 2835 1304 2893 in
1320 2833 1452 2894 Siciliam

272 2927 486 3017 invaseruntf)
537 2932 643 3011 Agitur
676 2930 711 2991 de
745 2930 931 3010 expeditione
965 2932 1181 2993 Saracenorum
1213 2933 1357 3010 gravioris
1389 2950 1451 2992 mo·

272 3033 378 3108 menti,
408 3050 495 3109 quam
523 3030 624 3090 hostes
652 3037 719 3108 post
746 3029 866 3112 longam·
887 3030 1143 3109 intercapedinem
1171 3047 1207 3089 ex
1231 3028 1361 3108 Aegypto
1384 3048 1451 3109 pro·

273 3129 344 3189 fecti
367 3131 398 3189 in
422 3128 621 3188 occidentales
640 3130 778 3206 regiones
797 3126 898 3206 Mavia,
922 3128 982 3188 filio
1001 3127 1126 3207 Hudaig,
1151 3127 1225 3188 duce
1245 3135 1451 3206 susceperunt.

273 3226 368 3288 Huius
393 3227 590 3306 expeditionis
614 3245 733 3286 causam
752 3224 870 3285 Arabici
889 3229 1052 3305 scriptores
1073 3225 1176 3286 dicunt
1195 3225 1285 3285 hanc:
1309 3223 1452 3285 Constan-

273 3328 367 3403 tinus,
400 3327 451 3404 qui
484 3324 562 3384 haud
596 3327 657 3384 scio
688 3342 724 3384 an
757 3323 928 3401 indignatus
952 3324 1055 3402 fuerit,
1089 3323 1168 3402 quod
1195 3323 1311 3383 incolae
1334 3323 1451 3383 Africae

273 3425 443 3504 provinciae
463 3419 612 3483 ‘Abdallae
627 3421 771 3482 tributum
787 3421 943 3500 solverant,
961 3423 1121 3500 patricium
1132 3419 1280 3500 quendam
1294 3421 1385 3498 misit,
1400 3423 1452 3499 qui

273 3521 446 3601 postularet,
464 3529 499 3581 ut
512 3521 643 3581 Africani
662 3521 835 3599 imperatori
845 3527 958 3584 tantam
974 3538 1119 3580 summam
1135 3517 1295 3596 traderent,
1311 3525 1450 3596 quantam

274 3611 344 3679 olim
364 3615 513 3678 ‘Abdallae
538 3617 704 3678 solvissent.
742 3617 816 3678 Cum
839 3619 982 3696 patricius
1002 3617 1175 3694 Carthagini
1195 3615 1376 3676 voluntatem
1396 3618 1449 3675 im·

272 3719 419 3797 peratoris
438 3717 698 3795 pronuntiavisset,
718 3715 831 3775 incolae
851 3734 909 3775 non
925 3715 1020 3776 solum
1035 3713 1216 3794 postulatum
1230 3716 1451 3793 iniquissimum

273 3818 452 3893 reiecerunt,
467 3813 520 3874 sed
535 3814 623 3873 etiam
637 3813 797 3873 tumultum
813 3821 915 3873 contra
925 3815 1136 3892 imperatorem
1146 3811 1291 3891 fecerunt,
1306 3813 1451 3875 cuiEleu·

272 3913 391 3973 therion
406 3911 527 3992 quidem
541 3911 707 3990 praefuisse
723 3910 840 3972 dicitur.
873 3911 1044 3972 Praefectus
1060 3917 1158 3971 autem
1172 3911 1351 3990 provinciae,
1366 3913 1452 3972 cuius

273 4029 382 4072 nomen
398 4003 557 4092 (lljenaha)
579 4017 753 4088 corruptum
772 4008 809 4070 ad
828 4028 881 4069 nos
901 4011 1018 4070 venisse
1036 4009 1110 4068 mibi
1123 4007 1249 4086 videtur,
1269 4011 1333 4088 ipse
1348 4008 1452 4070 Dama-

274 4128 358 4168 scum
367 4109 520 4187 profectus
530 4107 654 4167 Maviam
664 4106 800 4168 chalifam
811 4107 884 4168 adiit
893 4109 1064 4186 petivitque,
1075 4113 1107 4166 ut
1119 4107 1283 4167 exercitum
1293 4107 1452 4168 Arabicum

365 4256 390 4323 1)
409 4252 523 4322 Diehl,
542 4251 691 4320 L’Afriqne
710 4252 876 4320 Byzantina,
895 4251 974 4305 Paris
995 4255 1064 4304 1896
1083 4270 1110 4321 p
1127 4256 1186 4306 566.
1303 4315 1304 4320 Ἰ

364 4337 390 4404 2)
408 4333 480 4386 Ibid.
500 4352 527 4402 p.
544 4339 603 4387 tat.
713 4335 739 4402 3)
759 4332 820 4387 Lib.
838 4331 939 4402 pontif.
958 4331 971 4384 1
989 4349 1017 4400 p.
1039 4335 1098 4400 190,
1115 4337 1178 4400 laq.

363 4416 390 4484 4)
409 4413 534 4482 Theoph.
554 4432 581 4482 p.
602 4419 663 4482 348,
679 4418 720 4468 13.
