3304 5098
747 309 967 374 ..54-

268 498 382 569 monet,
415 499 449 551 ut
481 509 528 570 ea,
561 509 636 570 quae
664 491 775 569 Pyrrus
807 490 928 551 molitus
961 499 1053 570 esset,
1088 492 1225 553 detestati
1253 493 1447 554 orthodoxam

268 588 357 650 fldem
381 582 610 672 (ditheleticam)
635 582 839 671 retinerent1)

357 686 469 757 Quodsi
510 694 581 748 tunc
620 685 740 766 quidem
776 685 950 747 'lheodoms
987 690 1117 766 speravit
1152 687 1276 748 Paulum
1314 687 1447 767 aliosque

270 787 425 864 episcopos
451 783 792 864 Constantinopolitanos
820 783 857 844 ad
885 783 989 862 dogma
1014 785 1138 846 duarum
1162 786 1346 846 voluntatum
1369 785 1448 846 redi·

268 890 352 943 turos
384 901 464 961 esse,
496 882 584 962 paulo
615 889 684 960 post
715 900 775 942 non
807 884 904 960 potuit
935 901 995 942 non
1027 883 1127 944 videre
1160 884 1360 963 patriarcham
1387 903 1447 944 non

268 980 356 1041 modo
386 982 497 1059 omnia,
530 999 606 1059 quae
636 987 840 1040 antecessores
868 981 1081 1059 instituissent,
1110 1000 1242 1060 servare,
1276 982 1328 1042 sed
1358 984 1448 1042 etiam

269 1097 389 1156 operam
420 1096 541 1158 navare,
569 1085 603 1138 ut
631 1077 764 1138 doctrina
787 1077 1016 1138 monotheletioa
1040 1079 1165 1158 amplius
1188 1087 1412 1158 propagaretur.
1421 1074 1446 1164 ²)

269 1175 343 1237 Cum
366 1176 462 1237 adhuc
485 1195 555 1255 pax,
582 1183 616 1235 ut
639 1177 679 1235 ita
703 1175 813 1253 dicam,
840 1177 918 1236 inter
941 1174 1102 1237 Romanam
1126 1185 1156 1238 et
1179 1177 1448 1258 Constantinopoli·

269 1282 368 1334 tanam
393 1273 478 1334 sedes
501 1281 645 1352 maneret,
669 1270 835 1334 11111646
859 1274 989 1353 impulsu
1009 1274 1216 1336 Africanorum
1240 1277 1449 1355 episcoporum

270 1371 417 1432 discordia
432 1380 533 1452 aperta
548 1379 649 1443 exorta
665 1379 717 1432 est.
751 1371 813 1432 Hoc
828 1390 904 1432 anno
920 1374 951 1432 in
966 1372 1143 1452 Numidiam,
1163 1373 1353 1453 Byzacenam,
1367 1373 1448 1435 hlau-

269 1471 421 1548 retaniam,
437 1470 645 1548 Carthaginem
659 1469 764 1548 synodi
778 1479 972 1548 congregatae
988 1478 1058 1531 sunt
1068 1471 1103 1531 ad
1113 1472 1252 1532 haeresin
1266 1472 1448 1532 monothele·

269 1569 359 1628 tieam
387 1567 625 1647 opprimendam,
652 1577 687 1628 ut
714 1586 750 1628 ex
779 1567 915 1646 epistulis
944 1569 1106 1648 synodicis,
1135 1588 1261 1648 quarum
1289 1569 1449 1630 nonnullae

269 1665 306 1726 ad
333 1683 388 1725 nos
415 1674 573 1744 venerunt,
607 1665 712 1727 elucet.
758 1665 898 1744 Episcopi
925 1665 1094 1746 Numidiae,
1127 1667 1305 1746 Byzacenae,
1333 1667 1448 1728 Maure·

269 1765 366 1823 taniae
396 1763 522 1842 epistula
550 1763 586 1824 ad
614 1763 802 1824 Theodorum
832 1764 897 1824 data
927 1764 1029 1825 dicunt
1057 1784 1089 1825 se
1118 1764 1155 1824 ad
1182 1765 1306 1825 Paulum
1334 1765 1449 1826 litteras

270 1863 439 1940 scripsisse,
475 1861 583 1941 quihus
617 1881 684 1922 eum
717 1861 958 1941 adhortarentur,
990 1869 1024 1923 ut
1054 1868 1218 1938 „nouitatis
1251 1870 1449 1924 commentum

268 1963 431 2036 repelleret
458 1967 487 2020 et
514 1978 616 2021 omnes
639 1963 766 2021 chortes
781 1978 865 2036 prae
884 1960 1007 2036 foribus
1030 1965 1276 2036 1111111111111
1300 1965 1449 2022 ecclesiae

270 2060 313 2118 od
342 2061 523 2118 scandalum
549 2061 734 2135 populorum
766 2076 928 2134 snspensas
952 2059 1140 2134 proiceret“.
1190 2059 1285 2137 Atque
1318 2059 1450 2118 Africani

268 2155 505 2234 postulaverunt,
535 2165 569 2215 ut
597 2174 671 2234 papa
699 2155 774 2215 hanc
799 2155 955 2234 epistulam
977 2173 1033 2234 per
1056 2155 1242 2235 responsales
1267 2175 1336 2216 suos
1359 2155 1448 2216 Paulo

270 2255 496 2332 transmitteret,
519 2258 612 2328 „qnia
632 2258 664 2314 11
684 2256 839 2328 quondum
856 2258 1077 2330 suspectionem
1093 2255 1249 2332 Africano
1269 2273 1288 2314 1
1306 2258 1451 2329 11111111

269 2353 441 2412 hominihus
464 2354 549 2427 opud
570 2356 688 2427 reptant
713 2355 865 2412 1111111111
889 2355 1022 2412 recitato
1045 2360 1122 2414 esset
1137 2345 1364 2435 provincio“·⁰’).

358 2448 422 2508 Alia
450 2449 577 2527 epistula
606 2447 751 2527 synodali,
780 2467 854 2527 quae
884 2448 920 2509 ad
948 2451 1158 2527 imperatorem
1182 2452 1280 2528 ipsum
1306 2449 1371 2508 data
1395 2456 1448 2526 est,

269 2547 402 2625 episcopi
411 2546 579 2626 Byzacenae
588 2548 758 2625 provinciae
769 2565 784 2606 a
795 2545 987 2607 Constantino
1001 2547 1234 2625 postulaverunt,
1248 2555 1301 2622 „nt
1314 2551 1449 2608 novellae
1522 2585 1524 2591 .

262 2649 523 2721 praesumptionis
549 2647 730 2705 scandalum
758 2645 898 2722 auferret
925 2651 954 2705 et
978 2646 1107 2706 Pontum
1134 2646 1236 2720 reputt
1264 2649 1450 2705 1111111111

270 2745 313 2801 od
334 2745 536 2803 orthodoxam
555 2745 648 2815 fidem
672 2736 952 2825 adhortaretnr“.4)

309 2841 321 2866 ⁸
358 2839 492 2920 Denique
521 2847 624 2919 quarta
654 2839 778 2918 epistula
808 2840 1065 2902 commemoranda
1093 2848 1150 2919 est,
1180 2860 1255 2919 quae
1283 2841 1449 2920 aVictore,

271 2938 408 3015 episcopo
438 2937 674 3016 Carthaginiensi
702 2937 738 2996 ad
762 2936 950 2998 Theodorum
980 2937 1046 2998 data
1074 2946 1200 2999 aetatem
1228 2938 1303 2998 tulit.
1349 2939 1450 2999 Victor

270 3052 376 3113 papam
410 3035 445 3095 de
474 3055 527 3096 sua
555 3037 777 3096 consecratione
807 3038 964 3096 certiorem
993 3037 1119 3115 lacienS,
1151 3045 1308 3114 postquam
1337 3044 1449 3097 rectam

270 3132 359 3192 iidem
382 3133 535 3212 professus
559 3141 612 3212 est,
636 3140 737 3192 monet
760 3133 796 3192 ad
819 3133 957 3194 haeresin
980 3129 1252 3216 impugnandam.⁵)

360 3230 509 3291 Voluntati
524 3233 730 3310 episcoporum
740 3231 946 3291 Africanorum
961 3231 1121 3292 obsecutus
1135 3232 1308 3292 Theodorus
1324 3231 1451 3310 epistula

271 3327 307 3387 ad
336 3336 446 3388 rectam
475 3329 564 3390 fidem
593 3327 735 3408 accedere
759 3328 882 3388 Paulum
908 3331 1004 3388 iussit.
1052 3329 1136 3400 Quod
1160 3329 1281 3409 quidem
1305 3331 1450 3408 scriptum

271 3445 364 3506 papae
391 3428 519 3508 interiit3
553 3427 605 3487 sed
634 3445 669 3488 ex
698 3429 891 3505 responsione
920 3427 1105 3506 patriarchae
1134 3426 1450 3506 Constantinopolitani

273 3542 348 3603 quae
368 3523 404 3584 ad
423 3543 477 3584 nos
496 3519 609 3608 venitss)
629 3535 689 3584 non
709 3525 804 3585 solum
822 3543 927 3603 papam
946 3543 1001 3603 per
1019 3525 1133 3585 litteras
1153 3543 1220 3584 cum
1235 3524 1324 3585 Paulo
1345 3527 1451 3603 egisse,

270 3640 375 3682 verum
394 3624 483 3682 etiam
502 3623 689 3702 responsales
709 3641 778 3682 suos
799 3622 849 3682 diu
864 3641 932 3682 cum
950 3621 1000 3682 illo
1021 3621 1056 3682 de
1076 3621 1134 3682 fide
1154 3631 1342 3682 coricertasse
1362 3641 1449 3702 appa·

271 3727 326 3798 ret,
350 3722 402 3798 qui
426 3719 553 3800 denique
576 3721 775 3800 patriarcham
794 3722 961 3799 invitarent,
984 3728 1018 3779 ut
1036 3719 1220 3780 intellectum
1238 3723 1328 3781 unius
1347 3720 1450 3780 volun-

362 3939 387 4007 1)
407 3937 519 3990 Manai
537 3937 562 3988 Χ
580 3954 607 4004 p.
625 3943 674 3990 705
690 3939 719 3990 11
735 3941 836 4003 tossq.

361 4017 387 4085 2)
407 4015 477 4069 Ibid.
497 4034 523 4084 p.
540 4021 599 4069 919.
637 4016 765 4070 Africani
784 4015 910 4084 episcopi
929 4017 966 4069 ad
985 4015 1175 4070 Theodorum:
1197 4059 1202 4068 .
1225 4060 1229 4070 .
1251 4059 1255 4068 .
1278 4058 1283 4068 .
1306 4015 1384 4086 Quod
1403 4017 1452 4070 nbi

267 4096 448 4164 pertinaciter
466 4097 640 4167 copnooe'mns
658 4098 828 4151 innotescere.

362 4178 387 4244 3)
407 4176 517 4230 Menai
535 4176 561 4229 X
579 4195 605 4246 p.
621 4182 681 4230 922.
718 4176 807 4246 Epist.
827 4176 864 4230 ad
879 4175 1007 4244 Paulum,
1026 4175 1136 4228 Monoi
1156 4175 1181 4228 X
1194 4195 1220 4244 p.
1238 4181 1303 4241 9303
1323 4175 1358 4229 cf.
1373 4195 1400 4245 p.
1416 4181 1450 4228 34

272 4254 355 4309 huius
374 4255 440 4310 diss.
899 4309 901 4314 .

361 4337 387 4405 4)
407 4335 518 4390 Mansi
537 4337 561 4389 X
580 4355 606 4406 p.
627 4342 687 4392 926.
797 4338 823 4405 5)
842 4335 914 4389 Ihid.
934 4354 960 4405 p.
979 4341 1030 4390 943
1041 4352 1101 4403 sqq.

362 4418 388 4486 6)
408 4415 478 4471 Ibid.
498 4436 526 4486 p.
543 4423 619 4472 1019.
