3304 5098
710 331 931 396 „45-

230 518 317 577 sitate
347 517 441 576 coacti
469 512 524 574 sub
549 512 728 574 Graecorum
758 511 988 572 dominationem
1016 512 1179 574 redierunt.
1230 514 1324 592 Atque
1353 515 1409 574 hoc

230 613 352 694 quidem
370 621 505 692 tempore
525 613 685 672 auctoritas
705 609 886 670 Graecorum
908 628 942 670 eo
962 609 1079 672 facilius
1098 611 1285 672 corroborari
1303 615 1409 691 potuit,

230 711 310 791 quod
332 711 426 771 blavia
449 710 500 770 illo
524 708 644 789 quidem
668 717 801 787 tempore
825 711 957 768 animum
979 710 1168 787 potissimum
1193 712 1223 769 in
1248 710 1409 770 tumultum

230 817 333 871 contra
361 808 489 870 Otbman
522 807 660 868 chalilam
689 814 824 867 exortum
852 814 1028 867 convertens
1061 809 1225 868 exercitum
1251 811 1282 868 in
1305 811 1407 870 Arme·

229 910 311 968 niam
344 910 462 968 mittere
495 925 555 966 non
587 907 696 985 potuit,
727 906 779 984 qui
808 903 988 965 rebellantes
1021 903 1076 966 sub
1107 907 1201 984 ipsius
1231 914 1407 985 potestatem

231 1005 390 1086 redigeret
443 1005 545 1084 ltaque
579 1022 682 1065 eorum
716 1002 912 1063 delectionem
939 1002 1020 1063 ultus
1052 1003 1257 1064 crudelissime
1289 1003 1407 1065 obsides

230 1104 387 1164 Armenios
410 1102 556 1164 trucidari
579 1095 704 1185 iussit¹)

318 1202 475 1262 Armenios
503 1207 553 1260 aut
580 1219 649 1260 curn
677 1197 799 1259 Graecis
827 1207 878 1260 aut
906 1218 973 1260 curn
1001 1199 1147 1261 Arabibus
1177 1202 1296 1278 secisse,
1320 1209 1408 1280 prout

229 1319 279 1361 res
307 1298 582 1379 expostulaverunt,
610 1306 744 1376 tempora
772 1299 926 1376 sequentia
956 1297 1159 1358 ostenderunt.
1211 1297 1328 1358 Etenim
1354 1299 1407 1358 Ar·

228 1400 327 1459 menia
354 1397 468 1458 tamdiu
490 1398 642 1476 provincia
667 1394 778 1456 Graeca
802 1395 894 1455 luisse
917 1393 1047 1472 videtur,
1076 1395 1217 1474 quamdiu
1240 1395 1353 1456 Arabes
1375 1399 1407 1456 in

228 1494 306 1556 bello
336 1495 498 1556 domestico
526 1495 663 1572 occupati
694 1501 778 1554 erant
807 1501 838 1553 et
864 1493 896 1552 in
926 1494 1059 1552 externis
1089 1491 1178 1553 rebus
1206 1497 1319 1554 versari
1347 1514 1407 1556 non

228 1601 398 1673 potuerunt.
454 1591 528 1654 Com
561 1599 660 1652 autem
692 1590 785 1650 Maria
822 1592 983 1669 imperium
1014 1591 1217 1668 Agarenorum
1250 1592 1406 1669 obtineret,

228 1690 363 1751 Armenii
386 1693 496 1751 iterum
520 1692 549 1750 ei
572 1707 605 1748 se
624 1688 816 1749 subiecerunt
839 1690 945 1749 timore
965 1691 1113 1768 commoti,
1139 1692 1208 1769 quia
1226 1709 1305 1768 „non
1323 1693 1406 1770 igno·

230 1788 334 1849 rabant
353 1786 509 1866 Graecos“,
533 1790 560 1848 si
582 1790 673 1847 armis
692 1785 839 1846 Arabibus
863 1789 1005 1848 resistere
1025 1787 1146 1866 vellent,
1169 1787 1303 1866 „nullum
1324 1791 1406 1850 auxi·

230 1886 303 1947 lium
335 1889 480 1947 missuros
508 1883 601 1964 esse“,
632 1891 667 1945 ut
694 1884 881 1945 Chamchean
910 1877 1054 1968 (11358)
1083 1882 1322 1971 pronuntiavit.²)
1375 1888 1406 1949 Si

229 1984 309 2045 Elias
333 1983 494 2045 Nisibenus
518 1983 573 2044 sub
592 1983 624 2043 A.
634 1983 669 2042 ll.
683 1980 726 2043 42
746 1975 911 2064 (Raetbgen
930 2001 958 2061 p.
975 1977 1053 2066 114)
1075 1976 1142 2065 (26.
1158 1985 1225 2064 Apr.
1241 1981 1405 2046 662-14.

227 2083 296 2162 Apr.
312 2077 392 2165 663)
413 2089 493 2142 recte
508 2081 608 2160 prodit
626 2081 783 2158 Habibum,
803 2081 896 2141 tilium
911 2079 1077 2160 llaslamae,
1097 2083 1127 2142 11
1143 2083 1283 2143 Armenia
1301 2092 1406 2162 quarta

227 2189 377 2241 momunm
397 2199 473 2259 esse,
492 2180 580 2240 liceat
599 2181 736 2240 conicere
751 2179 915 2240 Saracenos
934 2187 1067 2259 tempore
1088 2180 1166 2259 quod
1182 2181 1310 2242 diximus
1324 2181 1405 2243 illam

226 2281 411 2357 proxinciam
437 2280 668 2356 recuperavisse.

744 2367 922 2374 ——.—-.—

317 2456 376 2516 Sed
405 2475 486 2516 nunc
515 2455 667 2534 paululum
699 2459 894 2536 respicientes
924 2456 1077 2516 videamus
1107 2457 1142 2517 de
1171 2461 1291 2536 pugnis,
1322 2477 1404 2536 quas,

227 2553 298 2614 dum
321 2555 394 2615 baec
417 2557 449 2614 in
472 2555 610 2614 Armenia
634 2562 788 2632 geruntur,
814 2553 919 2614 Graeci
943 2553 1114 2632 Arabesque
1138 2554 1204 2615 aliis
1229 2554 1301 2614 11111
1325 2574 1404 2616 com·

225 2654 372 2713 miserint.
418 2651 606 2732 Quantopere
631 2651 771 2712 Saraceni
794 2670 910 2732 pacem,
940 2670 1029 2730 quam
1052 2670 1129 2712 anno
1154 2647 1218 2714 651
1244 2672 1312 2712 cum
1333 2653 1404 2714 Pro·

226 2751 312 2828 copio
336 2751 476 2828 lacerant,
500 2749 700 2829 neglegerent,
725 2768 832 2810 cuma
856 2757 940 2828 parte
962 2750 1169 2810 Armeniorum
1193 2749 1403 2812 seditiosorum

225 2855 338 2908 stantes
367 2855 469 2908 contra
499 2846 627 2908 Graecos
655 2849 714 2908 iam
742 2849 879 2926 sequenti
907 2865 985 2907 anno
1013 2856 1192 2926 pugnarent,
1218 2848 1305 2908 modo
1329 2848 1404 2910 xidi-

224 2963 301 3006 mus.
348 2939 538 3028 llaladhuri³)
563 2945 593 3006 A.
605 2945 639 3004 ll.
659 2942 700 3006 31
727 2938 794 3027 (24.
809 2945 880 3022 Aug.
897 2939 1060 3005 651-11.
1075 2945 1146 3022 Aug.
1163 2938 1243 3027 652)
1270 2953 1300 3005 et
1324 2945 1403 3006 Elias

225 3041 387 3103 Nisibenus
416 3042 448 3102 A.
459 3042 493 3102 ll.
513 3039 556 3102 32
577 3035 643 3124 (12.
659 3043 731 3120 Aug.
746 3037 887 3103 652-2.
902 3041 974 3120 Aug.
990 3036 1070 3125 653)
1095 3042 1219 3103 Mariam
1243 3045 1274 3102 in
1297 3043 1403 3104 Roma·

225 3141 305 3200 niam
333 3143 476 3200 invasisse
504 3139 642 3220 produnt
689 3139 885 3219 Theophanes
912 3139 1018 3200 harum
1046 3139 1268 3219 expeditionum
1291 3142 1402 3203 nullam

224 3239 407 3299 mentionem
430 3239 509 3298 lacit.
555 3238 680 3298 Demum
704 3237 760 3298 sub
779 3239 810 3298 A.
822 3237 858 3297 ll.
874 3234 962 3300 6145
978 3266 1019 3286 =
1036 3233 1134 3318 653s4
1154 3239 1189 3299 de
1214 3240 1401 3320 expeditione

224 3336 321 3396 navali
345 3336 497 3416 ampliore,
521 3355 609 3416 quam
629 3335 722 3396 Maria
741 3343 844 3396 contra
863 3334 999 3396 Rhodum
1019 3336 1146 3397 insulam
1169 3340 1309 3417 suscepit,
1333 3341 1401 3418 agit

223 3433 282 3504 011
305 3443 409 3496 auctor
431 3433 542 3513 aliique
567 3433 672 3494 Graeci
695 3442 815 3512 praeter
837 3434 913 3494 hanc
937 3433 1065 3494 insulam
1088 3434 1199 3494 nnllam
1224 3435 1311 3496 aliam
1334 3456 1401 3515 pro·

225 3530 306 3611 dunt,
329 3534 361 3592 in
384 3551 473 3612 quam
492 3533 548 3592 hoc
567 3547 644 3592 anno
663 3530 774 3592 Arabes
794 3533 966 3611 irruperint.
1005 3532 1063 3592 Sed
1084 3535 1116 3592 11
1136 3531 1221 3592 111111
1241 3532 1276 3592 de
1295 3552 1401 3612 magna

223 3629 412 3709 expeditione
442 3628 539 3690 111111
570 3632 680 3708 agitur,
711 3649 769 3708 qua
797 3629 939 3690 Saraceni
969 3630 1138 3708 complures
1168 3630 1281 3690 insulas
1310 3633 1401 3692 maris

223 3727 331 3808 Aegaei
359 3730 492 3807 aggressi
521 3747 586 3788 esse
614 3727 761 3788 videntur.
812 3727 952 3789 Testibus
981 3729 1096 3788 utimur
1124 3727 1182 3787 Bar
1209 3727 1343 3788 Hebraeo
1371 3737 1402 3789 et

223 3823 366 3886 llichaele
386 3825 469 3905 Syro.
506 3825 638 3886 Primum
659 3825 763 3884 classis
782 3825 911 3886 Arabum
931 3844 1053 3886 cursum
1072 3828 1103 3885 in
1123 3825 1252 3904 Cyprum
1274 3824 1401 3886 insulam

225 3917 378 4007 direxit⁴),
407 3942 482 4004 quae
511 3927 621 3985 iterum
649 3931 708 3984 tota
738 3922 886 3984 devastata
915 3932 969 3984 est.
1019 3923 1135 3984 locolae
1165 3921 1275 3983 tributo
1304 3923 1400 3984 soluto

314 4125 339 4192 1)
359 4121 462 4177 Sebeos
482 4123 536 4194 (ed.
551 4122 681 4176 1111111
694 4140 721 4191 p.
739 4125 800 4192 148)
816 4139 856 4176 cs.
876 4127 942 4176 1111
957 4121 1084 4176 homines
1098 4121 1204 4176 occisos
1220 4123 1398 4176 1111111111.

312 4205 338 4270 2)
358 4201 398 4256 Ol.
418 4201 661 4257 Hitbschmann
679 4221 706 4271 p.
726 4208 760 4256 ta
780 4203 845 4256 adn.
865 4209 890 4256 2.

312 4285 338 4351 3)
357 4282 501 4350 Brooks,
521 4283 630 4338 Hellen.
651 4281 730 4338 Stud.
752 4288 794 4352 18,
813 4302 840 4352 p.
856 4288 917 4338 20³.

311 4365 339 4430 4)
358 4363 415 4416 Bar
427 4362 573 4418 Hebraeus
588 4363 642 4433 (ed.
658 4363 927 4431 Β11111-Κ111111,
946 4363 996 4418 let.
1012 4365 1091 4433 1111.)
1105 4363 1131 4416 Π
1145 4381 1172 4432 p.
1189 4369 1247 4417 111.
1276 4363 1400 4418 Michael

221 4439 307 4510 Syrus
326 4442 380 4512 (ed.
400 4443 544 4514 Langlois)
564 4462 591 4513 p.
607 4448 659 4497 288
678 4443 765 4498 refert
783 4461 888 4498 annum
907 4443 961 4498 Sel.
982 4449 1033 4498 961
1049 4471 1082 4489 =
1097 4443 1130 4497 A.
1146 4443 1182 4498 M.
1198 4448 1277 4498 6145.
