3304 5098
674 309 895 374 ,49-

193 495 397 556 adorerentur.
444 493 656 555 Constantinus
680 500 798 571 autem,¹
821 493 900 571 quod
924 492 1069 554 Arahihus
1093 495 1283 572 promiserat,
1312 512 1372 554 non

193 595 380 674 praestitisse
406 591 528 653 dicitur:
552 610 610 671 qua
634 610 667 653 re
690 592 840 670 Agarenos
863 590 973 651 bellum
999 591 1203 670 redintegrare
1228 593 1371 671 coepisse.

193 691 279 752 ‘lunc
297 690 484 752 Ptolemaeus
507 688 644 751 hostibus
668 688 813 750 tributum
837 691 928 749 trium
954 707 1098 750 annorum
1118 690 1236 750 misisse
1255 697 1286 751 et
1299 688 1372 750 Gre-

186 791 311 868 .gorium
338 787 431 849 filium
456 787 590 849 obsidem
616 787 732 848 dedisse
756 781 889 871 sertum)
937 785 995 848 Sed
1023 805 1120 866 neque
1146 786 1372 866 Graeciaeque

192 886 313 948 Arabici
341 889 503 966 scriptores
532 886 568 946 de
596 885 653 946 hoc
681 892 766 964 pacto
796 884 958 964 quidquam
981 884 1124 963 produnt,
1148 903 1206 963 qua
1229 904 1262 945 re
1287 884 1372 945 dubi·

192 986 316 1046 tandum
341 1003 406 1046 esse
430 985 504 1045 mihi
525 983 651 1061 videtur,
675 1001 748 1043 num
771 982 838 1043 illae
863 982 1001 1061 Syriacae
1024 983 1210 1042 narrationes
1234 982 1271 1042 ad
1294 986 1371 1044 veri·

193 1090 284 1144 tatem
314 1082 468 1163 accedant3
502 1083 626 1142 lorsitan
655 1087 791 1160 spectent
820 1080 856 1140 ad
884 1082 1051 1159 pactionem
1079 1081 1159 1140 inter
1186 1079 1314 1142 Graecos
1342 1089 1372 1142 et

193 1181 358 1242 Saracenos
383 1198 459 1241 anno
484 1176 547 1241 651
570 1179 686 1258 iactam,
706 1197 764 1258 qua
783 1177 894 1239 Arabes
913 1176 1047 1238 obsidem
1066 1178 1163 1238 virum
1183 1186 1372 1258 acceperunt,

192 1281 243 1340 cui
267 1281 340 1340 item
364 1277 525 1357 Gregorius
549 1295 657 1339 nomen
681 1277 745 1337 luit.

283 1375 387 1456 Neque
415 1394 485 1436 uero
515 1374 621 1436 Graeci
649 1377 783 1454 proximo
810 1381 944 1453 tempore
967 1372 1128 1452 habehant,
1157 1373 1236 1452 quod
1263 1392 1372 1436 norum

193 1477 339 1554 impetum
366 1473 478 1536 Mariae
511 1476 664 1552 timerent,
697 1491 765 1533 cum
793 1472 923 1533 hostium
951 1473 1042 1532 animi
1069 1473 1229 1551 praecipue
1258 1471 1295 1532 ad
1322 1490 1371 1534 res

194 1573 372 1634 domesticas
396 1574 531 1634 conversi
555 1564 693 1653 essent.²)
739 1568 867 1631 Othman
891 1569 997 1630 chalila
1015 1569 1167 1650 plerisque
1191 1576 1371 1632 sectatorum

194 1673 225 1730 in
249 1671 350 1732 odium
372 1678 509 1748 venerat,
538 1669 617 1748 quod
642 1669 790 1747 permulta
814 1676 1001 1747 susceperat,
1031 1667 1139 1747 quihus
1167 1669 1256 1728 amici
1284 1670 1371 1729 socii·

192 1787 252 1848 que
275 1767 431 1829 blohamed
454 1767 615 1848 prophetae
644 1767 751 1828 cilensi
774 1773 852 1828 sunt.
897 1765 1016 1826 Etenim
1039 1765 1115 1826 bene
1139 1768 1262 1826 meritos
1285 1784 1371 1846 prae·

194 1867 287 1928 lectos
310 1869 531 1946 provinciarum
555 1867 617 1926 suis
639 1865 712 1926 locis
735 1872 901 1925 removerat
923 1871 953 1924 et
976 1869 1211 1942 cognatossuos
1234 1882 1287 1943 pro
1311 1864 1371 1926 illis

193 1965 372 2025 instituerat.
405 1963 519 2024 Deinde
538 1966 566 2025 ei
585 1962 745 2042 opprobrio
766 1961 866 2023 datum
885 1968 939 2040 est,
959 1960 1038 2040 quod
1056 1963 1242 2040 propinquis,
1261 1961 1370 2040 quihus

193 2064 283 2122 etiam
298 2062 390 2122 Maria
411 2061 652 2122 annumerandus
668 2067 739 2138 crat,
759 2065 788 2120 et
803 2058 998 2120 familiaribus
1013 2052 1047 2141 (i.
1063 2077 1087 2119 e.
1103 2053 1278 2142 Omaiadis),
1298 2079 1370 2138 quo·

193 2178 261 2219 rum
284 2160 371 2220 multi
398 2159 468 2219 olim
497 2159 616 2238 aliquod
645 2159 758 2222 lacinus
786 2159 817 2216 in
838 2145 1258 2236 prophetam'commiserant,
1283 2175 1370 2218 aures

194 2256 283 2317 dedit.
333 2256 491 2318 Maximam
520 2265 618 2317 autem
646 2258 721 2316 iram
749 2257 908 2332 contraxit,
942 2275 1009 2316 cum
1037 2274 1142 2315 novam
1171 2254 1279 2315 Corani
1311 2254 1369 2315 lec·

193 2356 304 2415 tionem
333 2355 497 2415 faciendam
527 2362 653 2416 curaret.
704 2353 758 2413 His
787 2360 874 2432 atque
903 2353 969 2414 aliis
992 2353 1082 2414 rebus
1106 2351 1234 2414 Othman
1257 2359 1370 2414 tantam

193 2452 427 2531 indignationem
450 2455 551 2531 movit,
574 2460 607 2512 ut
627 2453 791 2512 coniuratio
811 2453 842 2510 in
862 2459 950 2530 caput
967 2453 1031 2511 eius
1046 2451 1139 2512 lieret.
1177 2450 1230 2511 llie
1247 2446 1286 2512 17
1302 2451 1370 2512 Iulii

192 2552 306 2611 mensis
336 2553 405 2610 anni
433 2546 499 2612 656
523 2558 646 2610 necatus
676 2543 759 2631 est.³)
806 2548 958 2609 Coniurati
987 2551 1051 2610 eius
1075 2549 1139 2609 loco
1163 2549 1208 2609 Ali
1232 2548 1369 2610 challiam

192 2657 382 2727 creaverunt,
411 2651 459 2708 cui
487 2650 611 2726 contigit
633 2665 737 2708 omnes
761 2647 823 2706 lere
847 2646 958 2706 Arabes
982 2646 1142 2726 adducere,
1170 2649 1258 2708 utin
1282 2666 1369 2708 suum

192 2765 301 2807 nomen
327 2749 474 2826 iurarent,
502 2755 622 2826 praeter
644 2745 782 2824 Mariam,
806 2745 990 2823 praelectum
1014 2744 1125 2824 Syriae.
1171 2743 1235 2816 Quo
1259 2745 1368 2806 lactum

192 2853 246 2924 est,
268 2853 302 2906 ut
320 2847 400 2905 inter
418 2845 472 2906 hos
490 2844 602 2905 bellum
622 2843 708 2904 civile
729 2851 911 2903 exoreretur.
957 2842 1201 2904 Adversariorum
1220 2845 1369 2904 exercitus

192 2941 266 3003 lulio
286 2961 388 3004 mense
409 2945 479 3004 anni
499 2939 562 3004 ool
579 2941 657 3021 apud
673 2940 760 3031 qiffin
780 2949 1005 3001 concurrerunt.
1038 2940 1177 3011 Quamvis
1192 2940 1237 3000 Ali
1256 2940 1369 3020 proelio

191 3043 330 3119 superior
358 3035 463 3118 suerit',
494 3049 593 3101 tamen
622 3059 639 3099 a
663 3041 725 3101 suis
754 3046 874 3098 coactus
903 3045 962 3116 est,
992 3047 1025 3099 ut
1048 3057 1114 3099 cum
1138 3037 1230 3098 blavia
1259 3047 1368 3118 ageret.

190 3136 331 3199 Pactione
356 3140 430 3199 lacta
454 3140 648 3199 constitutum
673 3145 727 3215 est,
751 3145 783 3196 ut
801 3144 929 3215 uterque
950 3139 1111 3196 exercitum
1132 3155 1219 3198 suum
1239 3135 1368 3197 dimitte·

192 3243 239 3296 ret
267 3244 295 3296 et
318 3235 365 3296 Ali
393 3236 517 3297 llulanis
546 3243 576 3297 et
598 3235 691 3295 blavia
720 3234 802 3313 Syris
830 3243 992 3314 praeesset.
1041 3234 1121 3295 llaec
1149 3243 1247 3296 autem
1271 3237 1368 3313 pactio

191 3333 307 3412 multis,
340 3336 391 3413 qui
424 3333 460 3394 ab
490 3333 536 3394 Ali
562 3333 696 3412 partibus
726 3339 882 3411 steterant,
912 3332 1063 3412 displicuit
1090 3331 1177 3410 adeo,
1204 3341 1238 3393 ut
1265 3340 1368 3392 contra

189 3449 260 3491 eum
280 3450 360 3492 arma
381 3439 530 3512 caperent
572 3431 731 3510 Postquam
751 3430 795 3490 Ali
814 3431 878 3507 hos,
900 3427 1104 3508 „Chawaridj“
1123 3429 1227 3508 dictos,
1246 3448 1368 3509 supera·

191 3529 245 3607 vit,
274 3529 385 3591 bellum
410 3539 511 3591 contra
535 3528 659 3589 blaviam
684 3531 735 3608 qui
760 3547 906 3590 summam
929 3529 1046 3607 imperii
1073 3530 1215 3606 appetivit
1238 3527 1367 3589 redinte-

191 3634 308 3704 gratum
327 3635 379 3688 'est
402 3621 448 3710 (A.
465 3627 499 3688 H.
515 3623 557 3688 38
574 3655 615 3676 =
632 3622 652 3686 9
669 3626 739 3686 luni
759 3623 913 3688 658-28
933 3624 990 3688 Mai
1010 3620 1099 3709 659).
1150 3625 1277 3685 Ambrus
1301 3645 1367 3705 par·

191 3731 236 3785 tes
264 3723 375 3786 blaviae
404 3733 525 3786 secutus
554 3726 601 3785 Ali
629 3724 751 3786 chalilae
779 3724 944 3803 Aegyptum
971 3725 1154 3802 provinciam
1182 3725 1305 3802 eripuit,
1338 3731 1368 3784 et

189 3820 296 3901 blavia,
325 3841 376 3902 ne,
406 3825 431 3884 si
459 3823 504 3883 Ali
534 3841 692 3902 aggressus
716 3830 804 3900 esset,
831 3841 846 3882 a
870 3820 992 3882 Graecis
1016 3839 1137 3882 aversus
1161 3821 1368 3900 lacesseretur,

191 3927 311 3981 coactus
345 3929 402 4000 est,
436 3921 471 3982 ab
504 3924 683 4001 imperatore
713 3939 817 4000 pacem
844 3927 956 3999 petere.
1002 3917 1096 3990 Quam
1124 3927 1157 3980 ut
1184 3922 1367 3998 impetraret,

189 4034 224 4076 se
240 4015 362 4079 Graecis
376 4018 522 4080 tributum
537 4018 704 4080 soluturum
723 4036 789 4079 esse
804 4017 954 4098 pollicitus
972 4025 1025 4078 est.
1062 4017 1242 4097 Theophane
1257 4011 1365 4100 teste⁴)

188 4118 386 4178 constitutum
410 4126 464 4196 est,
488 4125 522 4178 ut
544 4117 656 4178 Arabes
680 4115 787 4177 cotidie
811 4115 892 4176 mille
917 4115 1054 4176 denarios
1078 4123 1107 4175 et
1130 4134 1222 4176 unum
1248 4132 1366 4174 servum

281 4343 307 4412 1)
326 4341 449 4396 Michsel
469 4341 554 4412 Syrus
573 4341 591 4398 l.
612 4359 634 4398 c.
743 4345 770 4412 2)
790 4341 831 4396 cf.
850 4340 940 4395 Weil
957 4341 971 4394 I
988 4358 1016 4410 p.
1033 4345 1151 4408 ldoeqq.

280 4424 306 4490 3)
326 4420 366 4476 cf.
388 4421 477 4476 Weil
494 4421 507 4474 I
525 4440 553 4492 p.
570 4427 629 4476 1⁸5.
739 4425 765 4492 4)
785 4421 910 4491 Theoph.
930 4440 957 4490 p.
974 4426 1034 4488 347,
1050 4425 1150 4488 lsssqq.

243 4519 449 4585 Commentationum
462 4522 575 4562 Iulienses.
603 4521 669 4573 vm,
684 4524 702 4562 1.
1100 4515 1116 4562 4
