3304 5098
677 311 991 412 -33-¹

193 533 357 590 certamine
377 530 521 609 singulari
535 531 639 590 Arabis
659 539 688 590 et
706 530 811 590 Graeci
829 533 1030 610 interruptum
1049 539 1103 592 est.
1142 531 1253 591 Graeco
1273 539 1372 592 autem

194 630 292 688 occiso
320 629 464 707 proelium
489 628 773 706 redintegraverunt.
823 628 956 708 Denique
980 629 1120 688 Saraceni
1144 629 1271 689 Graecos
1294 631 1371 689 vice-

194 735 266 788 runt
291 735 320 787 et
342 727 549 786 Alexandriam
573 727 774 805 reppulerunt.
822 727 988 805 Scriptores
1012 726 1131 806 quidam
1155 727 1273 786 Arabici
1297 746 1371 805 quos

193 820 317 907 Weil¹)
342 833 462 886 secutus
486 834 532 886 est
556 833 678 884 narrant
699 823 819 884 Graecis
844 824 1026 903 lugientibus
1050 843 1109 884 uon
1134 827 1205 885 satis
1228 827 1371 904 temporis

193 923 286 983 luisse
319 923 355 983 ad
387 931 488 1002 portas
516 923 709 984 Alexandriae
743 921 934 1001 claudendae,
967 931 1000 982 ut
1032 923 1121 983 simul
1154 942 1221 983 cum
1250 921 1371 983 Graecis

193 1021 294 1082 hostes
318 1024 349 1081 in
372 1021 478 1082 urbem
501 1028 701 1099 penetrarent.
749 1019 873 1080 Butler
896 1015 1044 1104 commi),
1073 1023 1124 1100 qui
1149 1021 1214 1080 aliis
1238 1023 1370 1081 testimo-

192 1120 252 1178 niis
277 1121 364 1178 nixus
389 1138 454 1180 esse
474 1119 599 1196 videtur,
623 1127 725 1198 portas
749 1120 936 1197 intempore
962 1118 1075 1179 clausas
1098 1138 1163 1178 esse
1184 1118 1370 1198 Graecosque

192 1215 378 1277 obsidionem
397 1219 619 1296 praeparavisse
638 1225 730 1296 putat.
769 1208 836 1276 Sive
851 1215 970 1295 Arabes,
990 1225 1023 1276 ut
1042 1219 1073 1276 in
1093 1217 1184 1276 altera
1203 1219 1370 1277 narratione

191 1323 248 1393 est,
273 1317 378 1375 eastris
402 1317 433 1374 in
457 1315 594 1396 orientali
617 1324 701 1394 parte
724 1319 829 1395 positis
854 1324 883 1376 et
904 1318 1063 1378 ‚tormentis
1087 1318 1245 1376 exstructis
1269 1333 1371 1375 muros

192 1413 416 1493 perfregerunt,
449 1415 525 1492 sive,
557 1423 591 1474 ut
619 1413 710 1474 altera
738 1414 886 1492 proditur,
919 1421 1020 1492 portae
1049 1433 1065 1473 a
1092 1413 1244 1492 proditore
1273 1413 1370 1492 aliquo

192 1511 357 1590 patefactae
382 1520 458 1589 sunt,
484 1520 564 1572 certe
589 1513 690 1572 hostes
714 1514 743 1572 vi
766 1514 796 1571 in
820 1511 925 1571 urbem
949 1513 1135 1571 intravemnt
1158 1519 1188 1570 et
1211 1510 1372 1570 crudeliter

194 1608 387 1670 rebellionem
407 1610 463 1670 ulti
482 1628 594 1688 omnes,
618 1612 670 1688 qui
689 1612 732 1669 eis
751 1609 987 1688 irrumpentibus
1009 1608 1173 1686 obstabant,
1197 1608 1371 1669 occiderunt

193 1715 223 1766 et
247 1706 381 1767 aedilicia
409 1710 531 1768 incensa
561 1707 757 1786 diripuerunt.
804 1707 876 1768 Pars
904 1707 987 1768 urbis
1016 1706 1052 1766 ad
1076 1709 1221 1767 orientem
1246 1725 1370 1785 vergens

192 1805 255 1882 igni
279 1805 374 1866 deleta
399 1813 453 1866 est.
495 1805 633 1884 Plerique
659 1805 772 1884 Graeci,
797 1825 923 1886 quorum
942 1808 973 1864 in
993 1823 1116 1866 numero
1137 1807 1225 1864 etiam
1245 1804 1370 1883 Manuel,

192 1901 252 1961 dux
277 1903 483 1982 expeditionis,
507 1904 571 1982 luit,
591 1905 741 1964 interlecti
761 1911 843 1985 sunt,
867 1906 954 1982 pauci
972 1903 1183 1981 tautummodo,
1208 1905 1259 1980 qui
1281 1921 1370 1963 naves

190 2003 323 2061 assecuti
345 2003 377 2060 in
401 2001 492 2061 altum
516 2003 607 2062 maris
630 2003 762 2080 provecti
786 2009 863 2080 sunt,
886 2003 976 2062 vitam
995 2009 1194 2062 servaverunt.
1237 2000 1370 2060 Victores

191 2097 302 2158 liberos
325 2097 526 2178 mulieresque
550 2101 581 2158 in
606 2101 811 2178 captivitatem·
828 2098 1022 2160 abduxerunt.
1065 2098 1179 2178 Oppida
1203 2116 1278 2176 quae
1303 2117 1370 2158 cunr

190 2194 314 2256 Graecis
339 2198 581 2275 conspiraverant
600 2197 733 2258 funditus
756 2216 857 2257 eversa
878 2205 954 2257 sunt.
997 2197 1104 2257 lncolis
1124 2205 1222 2256 autem
1242 2197 1294 2273 eis,
1318 2197 1370 2274 qui

191 2293 282 2353 fidem
311 2312 381 2373 erga
403 2294 516 2354 Arabes
543 2303 728 2373 praestantes
757 2315 773 2354 a
797 2294 918 2355 Graecis
946 2294 1032 2355 bonis
1060 2297 1122 2355 suis
1145 2295 1252 2373 privati
1276 2301 1369 2372 erant,

191 2391 319 2454 Ambrus
344 2411 377 2453 ea
401 2411 476 2471 quae
500 2395 661 2453 amiserant
685 2395 824 2454 restituit.

282 2491 382 2568 ltaque
406 2492 586 2550 intentiones
606 2490 787 2552 Graecomm
812 2492 847 2552 ad
871 2493 989 2552 irritum
1014 2492 1187 2552 cecideruut
1209 2500 1238 2551 ct
1256 2493 1369 2570 Aegyp·

192 2595 268 2667 tum,
298 2607 384 2667 quam
414 2591 596 2668 provinciam
625 2609 657 2652 se
687 2607 865 2668 recuperare
889 2608 975 2668 posse
1000 2597 1204 2668 speraverant,
1232 2587 1369 2649 hostibus

191 2686 363 2765 relinquere
388 2689 481 2747 coacti
505 2695 576 2747 sunt
599 2679 724 2768 (aestate
749 2689 817 2747 anni
842 2683 932 2772 646).

294 2886 337 2950 De
363 2863 520 2968 Gregorii,
544 2886 701 2970 praelecti
724 2886 855 2952 Africae
879 2888 1076 2971 provinciae,
1100 2885 1268 2952 seditione.
1290 2981 1293 2992 Ι

281 3033 323 3094 Ex
347 3037 517 3113 permagnis
541 3035 766 3113 calamitatibus,
790 3033 899 3114 quibus
920 3035 1025 3096 Graeci
1043 3037 1075 3094 in
1093 3035 1223 3114 Aegypto
1242 3033 1278 3094 ab
1298 3033 1368 3094 Ara·

191 3130 279 3192 bibus
308 3132 406 3192 allecti
434 3141 516 3209 sunt,
546 3141 666 3211 praeter
693 3133 750 3193 alia
774 3135 862 3193 etiam
885 3133 940 3194 boc
965 3134 1102 3194 ellectum
1132 3151 1197 3192 esse
1227 3140 1310 3210 puto,
1334 3139 1368 3192 ut

191 3229 345 3310 praesides
373 3230 581 3291 nonnullarum
610 3235 842 3311 provinciarum,
876 3251 951 3312 quae
984 3239 1069 3292 antea
1100 3233 1225 3309 imperio
1254 3229 1366 3290 Graeco

190 3327 347 3388 adiunctae
371 3335 464 3406 erant,
488 3329 684 3390 seditionibus
712 3332 878 3409 provincias
907 3349 975 3390 suas
1000 3349 1015 3389 a
1040 3328 1237 3389 dominatione
1262 3326 1367 3388 Graeci

191 3427 379 3506 imperatoris
404 3427 517 3488 solvere
549 3436 578 3488 et
606 3447 659 3488 sua
686 3437 832 3507 potestate
861 3438 890 3489 et
915 3428 1029 3488 dicione
1054 3435 1155 3487 tenere
1180 3435 1366 3488 conarentur.

190 3523 308 3584 Etenim
337 3527 432 3604 spatio
461 3544 511 3585 sex
540 3545 685 3586 annorum
715 3520 754 3609 (a.
779 3523 914 3588 ecit-a.
940 3520 1020 3609 652)
1050 3523 1127 3584 baud
1155 3526 1255 3584 minus
1278 3543 1366 3603 quam

190 3631 252 3682 tres
276 3625 443 3701 provincias
467 3634 570 3684 contra
589 3623 814 3684 Constantinum
839 3623 1027 3684 rebellavisse
1050 3624 1226 3682 invenimus.
1273 3623 1366 3700 Atque

190 3723 221 3780 in
246 3721 344 3782 Alrica
362 3723 514 3800 provincia
533 3720 693 3800 Gregorius
712 3724 864 3800 patricius,
888 3724 919 3780 in
938 3721 1020 3781 ltalia
1039 3719 1192 3799 Olympius
1212 3720 1365 3798 exarchus,

190 3820 221 3878 in
246 3819 383 3878 Armenia
406 3817 580 3879 Theodorus
603 3823 744 3898 princeps
768 3821 930 3881 seditiones
953 3828 1122 3896 moverunt,
1152 3820 1257 3897 quini
1281 3817 1366 3878 lallor

188 3919 435 3976 existimaverunt
472 3915 612 3997 Graecos,
649 3927 805 3997 postquam
838 3918 874 3978 ab
907 3918 1050 3996 Agarenis
1087 3925 1239 3995 tantopere
1273 3918 1366 3976 attriti

188 4023 302 4093 essent,
326 4013 516 4075 invalidiores
540 4034 619 4093 esse,
648 4035 736 4096 quarn
760 4023 792 4075 ut
816 4035 832 4076 a
856 4034 887 4076 se
912 4014 1124 4075 rebellantibus
1148 4032 1257 4092 poenas
1281 4032 1365 4092 repe·

189 4119 254 4173 tere
277 4121 407 4191 possent.
453 4112 566 4173 Deinde
595 4115 667 4174 sine
689 4114 777 4175 dubio
804 4113 919 4174 incolae
947 4113 1064 4173 illarum
1088 4113 1307 4190 provinciarum
1331 4131 1365 4172 eo

188 4211 284 4288 magis
308 4213 388 4270 enixi
411 4220 489 4290 sunt,
512 4219 546 4272 ut
568 4213 637 4290 iugo
657 4212 763 4272 Graeci
786 4213 906 4290 imperii
927 4211 1133 4286 liberarentur,
1158 4212 1226 4288 quia
1245 4228 1365 4288 magno-

187 4326 260 4388 pere
292 4328 359 4369 cum
390 4309 511 4370 Graecis
542 4309 578 4370 de
609 4309 667 4370 tide
698 4308 889 4371 dissidebant.
939 4309 981 4368 lle
1010 4307 1154 4368 seditione
1180 4306 1308 4388 Olympii
1337 4317 1366 4368 et

280 4465 305 4532 1)
325 4462 355 4517 1..
374 4479 396 4516 e.
416 4481 443 4532 p.
466 4469 524 4517 159.
633 4467 660 4534 2)
679 4465 708 4518 L.
729 4481 751 4517 c.
771 4482 798 4532 p.
819 4469 877 4517 tvi.

242 4561 448 4604 commanemus·
462 4563 576 4602 lenonum.
604 4562 670 4612 Vffl,
685 4566 703 4603 1.
1099 4557 1114 4604 8
