3304 5098
749 339 966 404 ..68-

270 519 345 582 duae
366 519 478 581 Christi
502 527 624 581 naturae
648 522 879 600 respicerentur,
903 523 1054 600 propriam
1079 524 1186 602 cuique
1205 531 1328 584 naturae
1347 523 1451 584 volun·

269 626 361 679 tatem
385 636 452 678 esse
475 611 736 703 attribuendam.²)

359 715 434 776 Cum
460 715 619 795 disputatio
642 717 722 776 inter
744 715 905 776 Maximum
929 724 959 777 et
981 717 1115 778 Troilum
1139 717 1336 799 sergiumque
1360 719 1449 781 hahe-

270 821 362 892 retur,
386 813 573 893 responsales
598 812 723 892 Eugenii
746 833 815 875 cum
836 813 1170 894 Constantinopolitanis
1195 816 1231 877 de
1255 835 1358 878 eornm
1381 836 1449 897 pro-

272 913 419 992 positione
453 913 550 991 egisse
583 919 613 972 et
645 910 682 972 ad
713 912 790 973 hanc
821 911 1004 992 probandam
1037 915 1131 992 parati
1164 933 1230 975 esse
1263 914 1449 977 videbantur.

268 1009 414 1071 Maximus
438 1028 506 1070 curn
530 1009 565 1071 de
590 1009 722 1070 consiliis
746 1010 963 1089 responsalium
987 1029 1003 1070 a
1026 1011 1126 1072 Troilo
1150 1010 1314 1092 Sergioque
1338 1015 1451 1074 certior

270 1107 366 1170 iactus
399 1115 490 1186 esset,
522 1108 592 1169 huic
621 1109 665 1168 rei
693 1109 765 1168 satis
794 1106 909 1188 diffisus
938 1115 997 1190 est3
1025 1127 1094 1170 nam
1123 1108 1232 1172 dixisse
1261 1111 1370 1172 lertur:
1398 1114 1451 1188 ,iti

270 1198 326 1290 (sc.
342 1199 543 1290 responsales)
562 1210 617 1282 qui
635 1213 791 1281 venerunt,
803 1209 1036 1283 praeiudicium
1055 1225 1173 1284 quoque
1187 1212 1275 1270 niodo
1291 1210 1451 1271 Romanae

269 1307 346 1380 sedi,
369 1308 507 1380 quamvis
529 1308 759 1378 communicent,
783 1321 818 1366 eo
842 1307 924 1379 quod
945 1309 1105 1381 epistulam
1128 1323 1188 1367 non
1213 1309 1389 1368 detulerunt
1409 1309 1453 1368 ad

262 1403 491 1480 patriarcham,
511 1401 633 1480 facturi
650 1419 711 1462 non
729 1395 859 1484 ΜΝ)

358 1498 432 1560 Cum
452 1500 481 1559 ei
499 1498 659 1578 opprobrio
679 1498 800 1560 daretur
819 1517 886 1560 enm
902 1502 1113 1579 imperatorem
1129 1500 1277 1581 detestari,
1297 1503 1323 1562 si
1337 1509 1450 1582 typum,

269 1617 358 1678 quem
373 1597 585 1659 Constantinus
598 1599 680 1676 pacis
700 1614 787 1657 eausa
805 1597 1061 1677 promulgavisset,
1080 1598 1276 1678 reprobasset,
1297 1599 1371 1659 dixit
1390 1619 1450 1679 eos,

270 1698 322 1776 qui
351 1695 495 1756 ecclesiae
519 1694 861 1774 Constantinopolitanae
889 1697 1101 1775 praefuissent,
1130 1699 1339 1776 imperatorem
1362 1697 1449 1759 indu·

269 1795 363 1873 xisse,
395 1801 429 1854 ut
461 1801 563 1872 typum
597 1792 708 1854 ederet.
760 1792 798 1853 Et
829 1793 981 1854 admonuit
1008 1794 1141 1855 Troilum
1169 1795 1366 1874 Sergiumque
1394 1798 1449 1856 im·

268 1893 401 1972 peratori
424 1889 559 1971 suadere,
582 1901 616 1952 ut
639 1892 749 1951 laceret
767 1893 845 1951 sicut
863 1891 1018 1952 Heraclius
1036 1911 1116 1970 avus,
1141 1895 1201 1972 qui,
1226 1912 1293 1953 cum
1312 1911 1450 1971 magnam

269 1989 504 2068 indignationem
531 1996 655 2068 propter
678 1989 811 2050 ecthesin
836 1998 945 2050 motam
969 2007 1035 2050 esse
1058 1988 1195 2069 vidisset,
1224 1991 1280 2052 hoc
1304 1993 1449 2071 scriptum

269 2107 287 2148 a
306 2107 338 2148 se
357 2106 422 2148 esse
439 2089 635 2166 compositum
649 2088 824 2165 negavisset.
831 2081 857 2171 ⁸)
891 2087 961 2148 Post
978 2088 1052 2148 haec
1066 2088 1220 2149 Anastasio
1241 2096 1316 2150 teste
1331 2088 1449 2150 Troilus

269 2193 300 2246 et
325 2185 447 2265 Sergius
471 2192 500 2245 et
523 2184 668 2244 Maximus
690 2193 847 2263 postquam
871 2193 1003 2246 mutuam
1028 2185 1153 2246 salutem
1179 2185 1326 2247 dederunt
1349 2194 1379 2247 et
1402 2205 1449 2247 ac·

269 2291 422 2363 ceperunt,
446 2285 618 2344 cumomni
642 2281 789 2343 hilaritate
814 2282 1024 2344 discesserunt.

359 2380 443 2442 llaud
475 2383 516 2441 ita
548 2381 641 2441 multo
673 2374 772 2464 post4)
803 2381 970 2460 patriarcha
997 2380 1156 2443 Maximum
1190 2384 1348 2442 certiorem
1379 2381 1450 2442 lecit

270 2478 412 2543 eeclesias
441 2478 722 2558 Constantinopolis,
753 2477 876 2558 Romae,
904 2480 1088 2558 Antiochiae,
1116 2479 1322 2558 Alexandriae,
1346 2479 1450 2540 lliero·

269 2577 450 2657 solymorum
478 2596 544 2638 esse
567 2579 674 2638 unitas.
720 2577 822 2656 ltaque
846 2580 871 2636 si
895 2577 1040 2638 Maximus
1064 2577 1226 2638 catholicus
1251 2577 1362 2638 diutius
1391 2576 1450 2637 dici

269 2675 370 2754 vellet,
398 2695 473 2755 opus
501 2694 567 2736 esse
591 2694 660 2736 eum
684 2694 751 2735 cum
775 2675 833 2735 illis
858 2674 993 2736 ecclesiis
1017 2674 1205 2737 concordare.
1252 2674 1449 2754 Responsales

271 2774 364 2851 igitur
372 2772 498 2834 Romani
511 2772 548 2832 ad
563 2772 667 2851 dogma
682 2775 773 2834 trium
782 2774 966 2834 voluntatum
978 2779 1175 2834 accesserant.
1200 2773 1258 2834 Sed
1269 2791 1449 2852 quamquam

269 2869 395 2931 Maxim0
425 2870 587 2932 diceretur:
614 2875 728 2946 „cisum
757 2879 801 2932 est
828 2875 1014 2934 dominatori
1041 2877 1071 2933 et
1087 2873 1308 2949 patriarchae,
1336 2879 1371 2931 ut
1386 2888 1449 2947 per

266 2977 467 3047 praeceptum
484 2988 590 3047 papae
614 2972 832 3044 condemneris,
856 2973 917 3030 cisi
939 2972 1092 3048 oboediat,
1116 2978 1145 3030 et
1169 2987 1259 3044 quam
1278 2972 1325 3029 illi
1344 2970 1449 3029 decre·

270 3075 381 3128 verant
402 3075 528 3128 mortem
550 3059 763 3151 mstineaffl),
787 3075 885 3128 tamen
909 3068 1088 3128 commoveri
1112 3085 1171 3126 non
1195 3067 1300 3146 potuit,
1324 3073 1358 3126 ut
1381 3084 1449 3126 cum

270 3162 391 3225 Graecis
415 3165 534 3225 iaceret.

359 3262 515 3341 Aliquanto
534 3271 601 3342 post
619 3264 726 3323 iterum
748 3264 842 3322 maior
860 3265 993 3341 quaestio
1013 3265 1044 3323 in
1063 3263 1224 3323 Maximum
1244 3258 1369 3340 eiusque
1390 3259 1449 3320 dis-

271 3361 385 3439 cipulos
408 3363 440 3420 in
463 3360 570 3440 palatio
594 3362 728 3420 instituta
752 3367 805 3438 est,
830 3362 878 3420 cui
901 3360 1015 3440 Petrus,
1039 3362 1091 3440 qui
1109 3353 1267 3442 Pyrrum⁶)
1292 3364 1450 3437 exceperat

231 3459 233 3464 ’
270 3467 301 3519 et
318 3461 350 3520 in
369 3458 427 3518 lide
447 3460 527 3519 omni
546 3457 632 3518 modo
649 3459 773 3537 vestigia
788 3466 1010 3519 antecessorum
1024 3455 1187 3538 premebat,
1207 3464 1236 3518 et
1250 3455 1449 3536 Macedonius,

268 3556 436 3637 patriarcha
458 3550 677 3641 Antioohiael),
704 3557 878 3617 intererant.
924 3557 1086 3617 Anastasiis
1113 3554 1228 3616 duobus
1258 3555 1449 3632 interrogatis

361 3730 387 3797 1)
407 3726 446 3781 Cf.
467 3728 618 3797 epistulam
632 3727 777 3781 Anastasii
795 3727 924 3782 monaehi
944 3728 981 3782 ad
995 3727 1146 3794 monachos
1161 3725 1337 3781 Galeri-enses
1352 3725 1450 3779 datam

270 3807 394 3878 (Migne
412 3811 484 3877 patr.
505 3826 546 3878 gr.
567 3813 600 3862 90
619 3811 737 3876 p.134);
757 3807 877 3862 Hefele
896 3807 914 3863 l.
935 3825 957 3863 e.
976 3809 1015 3862 111
1033 3827 1060 3877 p.
1076 3814 1136 3862 217.

360 3891 387 3959 2)
406 3888 520 3959 Migne
539 3887 557 3942 l.
578 3905 600 3942 c.
620 3908 647 3958 p.
665 3896 724 3945 122.
834 3891 860 3958 3)
880 3888 994 3958 Migne
1012 3888 1031 3944 l.
1051 3905 1073 3942 c.
1093 3906 1119 3957 p.
1137 3893 1197 3964 125.Ι

243 3974 246 3982 ’
359 3971 387 4038 4)
406 3969 459 4023 Die
478 3975 512 4024 22
531 3969 638 4037 Aprilis
656 3969 723 4024 anni
743 3976 808 4036 6553
828 3969 863 4023 cf.
882 3969 981 4038 Pagi,
1001 3969 1038 4022 ad
1057 3985 1121 4021 ann.
1142 3973 1202 4035 oet,
1217 3969 1258 4008 VI·
1272 3969 1325 4008 VH·

360 4053 386 4118 ὃ)
406 4048 446 4104 cf.
466 4049 583 4103 Maximi
607 4049 688 4119 epist.
713 4050 750 4104 ad
768 4049 952 4104 anastasium
970 4047 1139 4102 monachum
1159 4048 1270 4114 datam,
1296 4046 1411 4116 Migne
1429 4046 1448 4102 l.

271 4147 293 4183 o.
313 4149 341 4199 p.
358 4135 407 4184 131
417 4147 477 4199 sqq.
1270 4183 1273 4187 ,

361 4212 387 4279 6)
406 4209 560 4278 Postquam
574 4209 677 4278 Pyrrus
687 4209 774 4264 Paulo
788 4211 899 4264 mortuo
914 4208 1010 4262 sedem
1023 4206 1242 4277 patriarchalem
1257 4223 1353 4260 rursus
1368 4222 1449 4260 occu-

270 4289 358 4360 pavit,
377 4295 393 4342 4
411 4290 563 4354 mensibus,
584 4295 616 4342 23
636 4288 736 4344 diebus
754 4288 959 4358 praetermissis
978 4287 1058 4343 obiit.

361 4372 387 4440 t)
407 4369 589 4424 Maeedonius
616 4370 794 4440 episcopatus
822 4371 925 4437 sedem,
946 4385 1032 4438 quam
1055 4385 1080 4423 a.
1105 4373 1157 4424 638
1180 4367 1288 4421 Arabes
1308 4369 1450 4436 ceperant,

270 4467 327 4505 non
345 4451 509 4517 intraverat,
528 4450 578 4504 sed
598 4449 841 4520 Constantinopoli
860 4449 937 4505 vixit.
