3304 5098
747 349 968 412 ..42-

269 539 317 591 tus
341 539 429 610 esset,
452 538 533 592 tanto
558 531 658 591 lurore
683 538 787 609 captus
808 537 861 608 cst,
884 537 918 590 ut
937 537 1028 590 totam
1047 529 1252 612 Armeniamxa
1273 533 1365 610 copiis
1385 533 1449 591 suis

268 629 358 708 diripi
370 637 412 690 -et
436 632 600 690 exercitum
624 629 666 690 ibi
689 631 720 688 in
744 629 870 689 hiberna
894 627 1033 688 collocari
1055 628 1152 707 vellet,
1177 648 1235 708 quo
1259 636 1339 689 terra
1363 647 1448 708 pror-

267 745 320 788 sus
350 728 566 788 exhauriretur.
620 726 679 788 Sed
708 728 764 787 boc
795 725 919 786 consilio
943 728 1004 785 acri
1036 725 1163 804 destitit,
1193 745 1261 786 cum
1285 726 1448 787 catholicus

266 843 431 904 omnesque
454 828 605 904 principes
628 824 770 904 Armenii,
794 827 846 904 qui
870 823 1000 903 aderant,
1031 843 1098 884 eum
1122 824 1298 904 suppliciter
1320 833 1449 903 orarent,

267 930 302 982 ut
328 925 440 1001 patriae
469 930 614 1002 parceret.
667 921 779 982 Sebeos
807 929 908 983 narrat
938 925 1148 1001 imperatorem
1175 923 1316 1002 precibus
1344 941 1449 984 eorum

266 1019 444 1080 obsecutum
477 1023 620 1080 maiorem
653 1028 768 1099 partem
802 1022 950 1081 exercitus
984 1022 1031 1080 sui
1064 1019 1222 1080 dimisisse.
1276 1019 1360 1090 Quod
1392 1021 1449 1081 hoc

268 1118 348 1197 lecit,
372 1119 455 1179 valde
480 1117 647 1179 mirandum
672 1119 745 1178 mibi
767 1118 897 1200 videtur,
931 1121 1041 1178 etenim
1066 1117 1162 1178 adbuc
1185 1118 1267 1178 nullo
1290 1118 1378 1179 modo
1402 1137 1448 1179 se-

268 1215 392 1277 ditiosos
413 1225 604 1296 superaverat
621 1223 671 1277 aut
688 1218 851 1295 puniverat.
885 1216 977 1276 Immo
996 1218 1095 1294 potius
1115 1215 1235 1276 credam
1256 1215 1448 1278 Constantino

268 1321 341 1374 tunc
374 1313 493 1374 demum
526 1317 626 1393 copias
660 1333 747 1394 quam
780 1314 924 1392 plurimas
954 1316 1139 1374 necessarias
1171 1322 1201 1375 et
1227 1315 1317 1376 utiles
1347 1316 1449 1394 luisse,

266 1431 337 1472 oum
361 1412 502 1472 Saraceni
525 1413 673 1472 Armeniis
697 1411 805 1472 auxilio
830 1412 1014 1472 accederent
1061 1411 1168 1473 Nescio
1198 1431 1234 1472 an
1259 1412 1370 1474 Sebeos
1393 1415 1449 1474 bac

269 1513 300 1570 in
332 1528 365 1570 re
393 1510 540 1570 narranda
569 1512 720 1570 erraverit.
774 1509 939 1588 Imperator
966 1513 1030 1589 ipse
1059 1509 1287 1590 Theodosiopoli
1315 1530 1383 1572 oum
1406 1515 1449 1571 vi·

266 1610 344 1686 ginti
366 1607 488 1668 milibus
506 1608 635 1668 militum
654 1609 804 1686 profectus
828 1611 859 1667 in
879 1607 989 1668 Dubios
1009 1615 1098 1687 caput
1115 1611 1284 1687 provinciae
1303 1612 1449 1688 pervenit,

268 1705 321 1766 ubi
344 1707 376 1766 in
401 1705 486 1766 domo
506 1705 610 1766 Nersis
635 1705 772 1766 catholici
796 1704 898 1766 sedem
922 1705 1082 1766 collocavit.
1129 1707 1171 1766 Ex
1195 1707 1250 1767 bae
1271 1707 1345 1768 urbe
1370 1726 1448 1768 com-

267 1803 370 1882 plures
401 1804 605 1883 expeditiones
634 1807 665 1864 in
693 1805 769 1864 lines
792 1803 920 1882 Iberum,
950 1803 1139 1882 Albanomm,
1164 1804 1335 1865 Siuniorum
1359 1807 1448 1865 misit.

269 1901 330 1961 llae
355 1909 454 1962 autem
479 1904 580 1981 copiae
605 1921 672 1962 cum
697 1902 771 1961 nibil
796 1909 897 1961 contra
921 1901 975 1961 bas
999 1909 1102 1979 gentes
1127 1903 1288 1980 ellicerent,
1315 1905 1449 1963 interra

267 2018 372 2060 earum
393 1999 558 2078 diripienda
578 2003 803 2080 acquieverunt3
823 2017 881 2078 quo
901 1999 977 2058 lacto
992 2001 1023 2058 in
1039 1999 1149 2059 Dubios
1164 1999 1270 2060 urbem
1285 2000 1448 2060 redierunt.

268 2097 392 2159 Interim
417 2099 531 2178 reliqua
555 2117 624 2177 pars
649 2100 811 2176 exercitus,
840 2099 866 2156 si
889 2097 979 2156 tontis
1006 2104 1161 2158 contextus
1185 2107 1343 2177 corruptus
1367 2107 1448 2159 recte

268 2195 453 2274 intellegitur
461 2191 497 2280 ¹),
520 2196 638 2274 Arpbay
662 2195 824 2274 castellum,
849 2194 926 2273 quod
947 2195 1082 2255 seditiosi
1100 2198 1274 2274 nuperrime
1293 2215 1449 2275 oppresse-

268 2300 344 2372 rant,
369 2293 522 2354 obsidione
548 2293 654 2354 clausit
677 2294 919 2372 praesidiumque
944 2293 980 2353 ad
1004 2293 1185 2354 deditionem
1209 2297 1313 2373 coegit.

359 2390 547 2472 Quantopere
572 2392 783 2452 Constantinus
807 2392 962 2451 Armenios
991 2411 1059 2452 cum
1083 2389 1205 2452 Graecis
1228 2391 1346 2452 vinculo
1370 2394 1448 2453 eius·

266 2488 337 2549 dem
361 2488 430 2548 lidei
455 2492 595 2568 coniungi
615 2492 769 2569 cupiverit,
794 2497 879 2549 antea
899 2491 957 2548 iam
976 2489 1117 2570 vidimus3
1141 2508 1221 2549 nunc
1240 2490 1361 2568 quidem
1381 2509 1448 2550 cum

267 2588 301 2645 ,in
325 2589 421 2664 eapite
441 2587 598 2647 Armeniae
618 2587 743 2666 adesset,
767 2595 900 2666 optatum
924 2605 955 2646 sc
975 2589 1136 2666 impetrare
1154 2606 1242 2666 posse
1262 2590 1449 2648 existimavit.

268 2682 322 2743 Die
347 2682 495 2744 dominica
518 2687 620 2745 nescio
645 2704 703 2764 qua
727 2684 896 2762 catholicus,
921 2686 973 2762 qui
995 2686 1055 2744 iam
1077 2684 1195 2763 pridem
1214 2684 1303 2744 tidem
1323 2684 1449 2745 Graeco-

269 2799 338 2840 rum
362 2781 436 2842 clam
460 2781 632 2861 probavisse
653 2783 769 2861 dicitur,
794 2781 987 2842 Constantino
1007 2790 1127 2842 auctore
1146 2785 1178 2842 in
1198 2783 1324 2843 ecclesia
1344 2782 1449 2861 dogma

265 2878 510 2940 Chalcedonense
537 2879 634 2958 palam
662 2883 872 2959 pronuntiavit,
901 2898 968 2939 cum
997 2882 1158 2958 imperator
1184 2899 1347 2960 omnesque
1372 2883 1449 2959 epis·

267 2979 337 3055 copi
361 2978 494 3037 Armenii
518 2977 664 3039 adessent.
711 2979 910 3054 Eucharistia,
939 2995 1028 3056 quam
1052 2975 1262 3038 Constantinus
1287 2987 1317 3038 et
1339 2977 1449 3038 Nerses

266 3081 301 3134 et.
329 3077 473 3154 episcopi,
502 3079 635 3154 quamvis
663 3079 760 3155 inviti,
790 3082 994 3154 sumpserunt,
1023 3094 1039 3134 a
1063 3075 1175 3136 Graeco
1205 3075 1313 3136 clerico
1337 3083 1368 3136 et
1390 3078 1450 3137 ritu

270 3171 383 3232 Graeco
408 3173 556 3234 celebrata
581 3182 633 3234 est.
680 3175 813 3234 Armenii
831 3192 955 3254 prorsus
975 3176 1111 3252 oppressi
1130 3182 1213 3256 sunt,
1238 3174 1291 3235 sed
1310 3177 1450 3234 timentes

268 3288 392 3348 ‚magnas
417 3273 516 3349 copias
541 3272 680 3351 Graecas,
709 3275 840 3352 quaein
863 3272 937 3332 urbe
962 3271 1097 3351 aderant,
1121 3272 1239 3351 publice
1263 3272 1450 3334 intercedere

271 3386 330 3427 non
355 3370 419 3428 ausi
444 3377 520 3429 sunt.
568 3369 718 3431 Catholico
746 3373 894 3449 imprimis
922 3388 1102 3448 magnopere
1126 3370 1344 3450 irascebantur,
1371 3372 1450 3451 quod

271 3468 335 3544 ipse
364 3473 450 3526 antea
479 3467 605 3526 coneilio
634 3471 704 3527 anni
733 3464 829 3550 648l9
859 3467 1004 3528 Graecum
1034 3467 1140 3546 dogma
1164 3471 1328 3529 reiecisset.
1376 3469 1449 3530 Con·

268 3566 420 3624 stantinus
451 3567 543 3643 igitur
573 3583 632 3626 non
663 3565 749 3625 modo
781 3565 919 3626 omnibus
949 3565 1063 3626 viribus
1093 3585 1152 3627 non
1183 3567 1310 3646 studuit,
1342 3569 1449 3629 tumul-

271 3669 335 3722 tum
358 3662 530 3741 profligare,
560 3663 612 3723 sed
640 3665 739 3742 potius
767 3665 798 3722 in
826 3664 1050 3742 quaestionibus
1074 3664 1110 3724 ad
1135 3664 1223 3724 fidem
1248 3666 1450 3744 spectantibus

268 3767 406 3820 versatus
440 3778 489 3820 eos
520 3761 689 3839 Armenios,
723 3761 831 3840 quibus
865 3761 960 3821 adbuc
988 3760 1126 3821 fidelibus
1155 3779 1229 3821 usus
1260 3771 1337 3841 erat,
1366 3764 1450 3824 valde

268 3857 396 3918 ollendit
420 3866 449 3918 et
472 3857 524 3918 tali
547 3859 634 3919 modo
658 3862 721 3920 suis
745 3861 839 3938 ipsius
863 3859 952 3919 rebus
977 3859 1188 3919 detrimentum
1213 3860 1319 3920 attulit.

361 3955 497 4016 Forsitan
525 3956 603 4016 baud
632 3957 776 4017 absonum
804 3959 843 4016 sit
871 3959 1007 4017 conicere
1036 3959 1247 4035 imperatorem
1274 3958 1374 4018 odium
1398 3959 1450 4019 Ar·

272 4055 441 4114 meniorum
471 4062 625 4133 tantopere
656 4057 837 4134 suscepisse,
867 4063 901 4115 ut
930 4057 961 4114 in
986 4056 1090 4133 capitis
1113 4055 1281 4132 periculum
1306 4055 1450 4117 adductus

270 4152 320 4210 sit.
354 4150 403 4210 Sic
424 4153 450 4210 si
469 4155 636 4231 statuimus,
655 4155 856 4213 narrationem
872 4152 959 4213 Sebei
974 4152 1080 4212 melius
1095 4153 1268 4232 intellegere
1283 4172 1450 4234 possumus,

268 4249 325 4325 qui
356 4246 456 4324 prodit
484 4247 709 4309 Constantinum
737 4249 821 4310 valde
852 4269 868 4310 a
898 4253 960 4310 suis
992 4269 1057 4310 esse
1088 4252 1256 4330 incitatum,
1289 4260 1322 4312 ut
1352 4255 1451 4313 statim

364 4456 389 4513 ll
410 4451 450 4510 Cf.
470 4455 713 4510 Hiibschmann
732 4457 749 4512 1,
771 4475 793 4511 c.
813 4476 840 4526 p.
861 4465 893 4510 33
914 4457 977 4512 adn.
999 4464 1022 4510 1.
