3304 5098
676 306 898 370 „73-

199 485 353 548 dicebatur
381 486 525 548 deductus
553 495 610 566 est,
638 486 691 548 ubi
718 489 777 548 iam
806 487 853 549 die
884 484 925 549 13
951 487 1076 566 Augusti
1105 491 1175 549 anni
1203 485 1268 550 662
1296 489 1379 550 obiit.

197 587 345 646 anastasii
382 593 480 646 autem
518 587 549 645 in
587 585 706 646 castella
738 585 900 646 Scotonum
937 593 967 646 et
997 585 1143 647 Buculum
1179 586 1313 648 translati
1351 595 1381 648 et

197 686 301 764 paucis
334 683 438 745 diebus
470 692 538 763 post
569 683 624 744 alia
657 685 689 744 in
721 683 786 744 loca
814 685 900 745 tracti
929 691 1006 745 sunt.
1057 684 1110 746 Die
1139 682 1182 746 24
1206 685 1273 746 lulii
1305 687 1381 746 Ana·

198 783 306 842 stasius
329 782 491 842 monachus
515 800 531 842 e
554 783 613 842 vita
632 781 783 864 discessit3
807 782 988 862 responsalis
1009 781 1047 844 ll
1072 783 1119 844 die
1139 782 1277 844 Octobris
1300 803 1379 844 mor·

198 888 267 940 tuus
291 874 378 964 est1)

289 977 472 1056 Quamquam
496 977 650 1058 Maximus,
674 980 814 1058 princeps
839 977 1055 1054 ditheletarum,
1080 997 1194 1040 summa
1216 981 1380 1059 pertinacia

199 1075 332 1136 consiliis
352 1075 537 1137 Constantini
564 1095 668 1156 pacem
692 1076 895 1155 spectantibus
919 1075 1085 1137 obluctatus
1109 1085 1162 1156 est,
1186 1084 1285 1137 tamen
1307 1078 1379 1137 unio

198 1175 278 1236 inter
301 1173 388 1235 sedes
407 1173 569 1236 Romanam
594 1183 624 1234 et
643 1174 996 1254 Constantinopolitanam
1019 1174 1151 1254 perlecta
1171 1183 1224 1236 est.
1261 1174 1379 1236 Etenim

199 1271 341 1351 exemplis
372 1271 490 1332 Martini
521 1290 614 1352 papae
648 1271 832 1352 aliorumque
865 1273 1086 1352 ditheletarum,
1124 1274 1175 1352 qui
1207 1274 1380 1352 imperatori

198 1371 378 1449 restiterant,
406 1369 617 1431 Constantinus
641 1370 747 1448 effecit,
775 1379 810 1431 ut
832 1390 926 1432 novus
949 1390 1037 1450 papa,
1065 1370 1226 1432 Vitalianus
1249 1372 1379 1450 nomine,

198 1469 249 1547 qui
285 1486 362 1528 anno
400 1462 463 1528 657
498 1467 665 1546 Eugenium
698 1471 827 1548 excepit,
864 1468 957 1530 multo
990 1467 1214 1529 submissiorem
1247 1477 1277 1528 et
1310 1469 1379 1528 laci·

197 1564 302 1626 liorem
331 1583 363 1626 se
392 1573 563 1644 praestaret.
615 1565 658 1625 Ex
686 1565 778 1628 altera
805 1575 904 1627 autem
931 1575 1015 1646 parte
1040 1568 1128 1627 etiam
1152 1565 1378 1626 Constantinum

197 1666 333 1724 comitate
361 1665 393 1722 in
422 1662 597 1724 Vitalianum
625 1682 713 1724 usum
741 1682 808 1724 esse
836 1667 1014 1725 invenimus.
1069 1661 1143 1736 Nam
1171 1671 1274 1724 auctor
1300 1665 1378 1724 vitae

197 1755 367 1845 Vitaliani²)
396 1768 499 1821 narrat
526 1779 594 1822 eum
623 1761 810 1840 responsales
831 1781 902 1836 ,cum
926 1761 1051 1841 epistula
1076 1760 1215 1841 synodica
1234 1761 1377 1822 Constan-

196 1859 351 1938 tinopolim
377 1860 502 1937 misisse,
525 1866 560 1919 ut
578 1859 795 1920 ordinationem
815 1879 898 1920 suam
917 1862 1075 1920 nuntiaret
1118 1858 1232 1946 Quibus
1256 1878 1376 1938 suscep·

198 1959 237 2017 tis
255 1957 409 2037 privilegia
434 1956 577 2018 eeclesiae
596 1956 745 2020 Romanae
769 1957 804 2018 ab
824 1960 1002 2037 imperatore
1027 1965 1165 2018 renovata
1184 1975 1259 2018 esse.
1297 1956 1375 2028 Quin

186 2053 422 2115 'Constantinum
445 2053 549 2134 „beato
573 2054 661 2116 Petro
679 2055 810 2134 apostolo
831 2055 982 2134 evangelia
1000 2053 1115 2134 aurea“,
1139 2073 1213 2133 quae
1231 2057 1376 2133 „gemmis

197 2152 271 2214 albis
299 2154 392 2212 mirae
415 2151 629 2231 magnitudinis
653 2161 755 2214 omata
779 2150 905 2232 essent“,
932 2154 1051 2213 misisse
1077 2150 1222 2212 audimus.
1273 2151 1374 2231 ltaque

197 2269 257 2310 non
278 2249 471 2311 dubitandum
491 2259 545 2326 est,
564 2252 637 2330 quin
652 2249 843 2311 Constantino
863 2269 895 2311 re
910 2269 980 2311 vera
994 2251 1160 2329 contigerit,
1179 2257 1213 2310 ut
1227 2249 1375 2310 Romanos

198 2347 325 2428 denique
349 2347 385 2408 ad
409 2367 493 2408 suam
517 2347 681 2408 doctrinam
704 2347 886 2428 probandam
910 2347 1078 2409 adduceret.

298 2619 529 2684 constantinus
551 2613 729 2704 imperator
752 2618 963 2686 Theodosium
986 2619 1121 2685 fratrem
1145 2618 1277 2696 occidit,

394 2717 556 2782 sclavinis
579 2717 700 2783 bellum
722 2717 825 2784 infert
849 2718 1018 2783 consilium
1040 2717 1170 2801 imperii

538 2814 670 2881 Romam
692 2815 912 2882 transferendi
935 2816 1032 2900 oepit.

286 2962 445 3042 Postquam
470 2962 680 3024 Constantinus
708 2965 862 3024 acerrimis
890 2962 1052 3042 suppliciis,
1081 2962 1188 3041 quibus
1211 2963 1243 3022 in
1266 2961 1375 3022 multos

198 3059 354 3121 ditheletas
377 3079 451 3120 usus
475 3069 550 3140 erat,
574 3063 648 3121 iram
671 3061 833 3122 multorum
856 3063 966 3122 civium
990 3054 1183 3144 contraxit³),
1210 3067 1282 3121 tunc
1305 3078 1376 3120 vero

197 3157 313 3218 lacinus
333 3160 489 3238 commisit,
513 3177 571 3238 quo
591 3160 720 3238 omnino,
744 3158 822 3238 quod
841 3161 951 3238 gratiae
970 3157 1072 3237 populi
1091 3166 1254 3237 supererat,
1276 3157 1376 3238 perdi·

199 3255 278 3317 disse
306 3255 431 3316 videtur.
478 3255 678 3317 Theodosium
707 3260 787 3317 enim
815 3258 936 3318 fratrem
963 3257 1065 3316 necari
1092 3258 1181 3317 iussit
1207 3258 1375 3335 suspicatus

197 3373 265 3415 eum
294 3355 453 3432 imperium
482 3353 541 3415 sibi
568 3349 749 3439 appetere.⁴)
797 3355 1002 3434 Suspicionem
1031 3341 1259 3414 autem'lalsam
1283 3353 1375 3415 luisse

200 3452 391 3512 consentiunt
414 3451 506 3531 Syrus
530 3445 781 3537 Noeldekianusi)
807 3461 837 3514 et
859 3451 983 3513 Michael
1002 3451 1102 3531 Syrus.
1110 3445 1136 3535 6)
1173 3450 1237 3522 Quo
1262 3451 1375 3512 scelere

197 3551 359 3628 imperator
386 3551 519 3611 omnium
547 3549 659 3611 luctum
687 3552 907 3630 maximumque
931 3549 1033 3610 odium
1056 3551 1161 3628 movit,
1190 3568 1257 3610 cum
1280 3549 1374 3609 Theo-

197 3645 298 3707 dosius
327 3647 420 3725 gratia
448 3655 477 3708 et
505 3665 605 3708 amore
633 3647 735 3728 populi
756 3667 830 3709 usus
854 3641 975 3732 essetl)
1023 3646 1130 3708 Graeci
1152 3649 1197 3707 ira
1220 3655 1375 3726 tantopere

195 3745 227 3804 in
260 3744 487 3805 Constantinum
520 3747 637 3806 incensi
669 3753 751 3825 sunt,
788 3753 822 3808 ut
854 3749 882 3807 ei
913 3763 1019 3824 magna
1056 3764 1126 3806 voce
1163 3743 1375 3806 maledicerent

285 3935 311 4003 1)
331 3931 372 3988 Of.
391 3933 485 4002 verba,
504 3951 577 4004 quas
591 3935 736 3990 Anastasii
750 3935 889 4004 epistulae
904 3936 940 3990 ad
954 3934 1144 3989 Theodosium
1158 3934 1260 3989 missae
1275 3933 1375 3987 addita

195 4015 268 4068 sunt.
306 4013 347 4068 bf.
367 4013 481 4084 Migne
500 4013 518 4068 l.
538 4032 561 4070 c.
580 4033 607 4086 p.
623 4021 683 4070 178.

285 4097 311 4161 2)
330 4093 392 4149 Lib.
412 4094 513 4164 pontif.
533 4095 546 4148 I
564 4113 591 4164 p.
609 4100 668 4150 186.
777 4098 804 4166 a)
823 4095 950 4164 Theoph.
969 4113 996 4166 p.
1012 4101 1072 4162 351,
1085 4102 1119 4149 24
1138 4093 1252 4162 aliique.

284 4176 311 4244 4)
330 4173 456 4244 Theoph.
480 4193 507 4244 p.
528 4179 647 4244 84⁷,253
677 4174 814 4246 Georgius
841 4175 970 4230 Moneoh.
989 4194 1016 4245 p.
1032 4181 1151 4244 ‘117‚11;
1180 4173 1258 4228 Elias
1282 4173 1373 4230 Nisib.

196 4252 249 4308 sub
268 4254 300 4310 A.
311 4253 346 4308 Η.
367 4259 408 4308 39.

283 4337 311 4405 d)
330 4333 446 4388 Ztscbfl.
466 4334 493 4390 d.
513 4333 546 4390 D.
557 4334 594 4389 M.
607 4334 638 4390 G.
660 4340 693 4390 29
712 4354 739 4405 p.
755 4340 797 4390 96.
908 4339 935 4404 6)
954 4335 997 4391 ed.
1017 4335 1151 4407 benglois
1170 4353 1197 4405 p.
1213 4339 1273 4390 240.

284 4417 310 4484 7)
329 4413 413 4483 Syrus
433 4413 532 4469 Noeld.
552 4433 579 4484 p.
596 4420 638 4469 95.
