3304 5098
660 303 874 366 -21-

181 493 281 546 autern
301 505 447 546 summam
465 485 700 564 indignationem
713 487 841 546 movisse
857 483 1005 564 dicuntur,
1026 485 1104 564 qnod
1122 487 1154 544 in
1168 484 1360 566 Philagrium,

183 585 235 662 qui
259 583 410 663 plerisque
435 584 622 663 gratissimus
646 591 717 661 erat,
741 591 821 643 tanta
846 585 1005 662 asperitate
1028 585 1076 643 usi
1096 576 1203 667 sunt.¹)

270 681 337 752 Quo
363 681 472 742 factum
501 688 559 760 est,
590 689 625 742 ut
652 687 754 742 contra
781 683 940 759 imperinm
968 681 1103 742 odiosum
1126 679 1272 741 tumultus
1295 699 1360 742 ore·

182 787 299 860 rentnr3
329 797 426 858 neque
454 778 553 838 clerus
581 797 679 858 neque
706 778 834 858 populus
857 777 1065 857 Heraclonam,
1093 780 1162 856 quia
1186 797 1222 838 ex
1245 780 1359 840 incesto

181 879 371 938 matrimonio
394 884 481 937 natus
506 884 593 954 esset,
618 878 729 936 iustum
752 878 963 956 imperatorem
988 869 1211 960 agnoverunt.²)
1257 877 1359 955 ltaque

180 981 391 1037 testamentum
409 974 540 1035 Heraclii
559 976 677 1034 irritum
702 973 886 1034 declarantes
905 973 1123 1034 contenderunt
1141 993 1286 1034 summam
1305 977 1360 1036 irn-

178 1074 257 1151 perii
280 1072 483 1150 Constanti,
511 1073 617 1131 maiori
645 1070 705 1130 tilio
729 1071 916 1131 Constantini
942 1073 1148 1150 imperatoris,
1171 1071 1359 1132 tribuendam

181 1189 255 1231 esse.
263 1164 289 1253 ³)
336 1169 516 1248 Valentinus
541 1187 608 1228 curn
627 1168 742 1229 videret
760 1170 895 1229 homines
918 1169 1028 1248 ubique
1053 1171 1159 1230 animis
1182 1170 1308 1230 infensis
1331 1179 1361 1231 et

180 1270 310 1329 inimicis
339 1276 441 1328 contra
468 1267 625 1327 Martinam
653 1269 777 1346 eiusque
806 1270 901 1327 socios
930 1285 1005 1344 esse,
1032 1269 1146 1346 putavit
1174 1269 1360 1329 occasionem

181 1384 261 1426 nnnc
284 1365 389 1426 adesse
412 1365 568 1425 Martinam
592 1373 622 1424 et
646 1367 710 1424 eius
734 1365 810 1425 lilios
832 1367 959 1444 imperio
984 1364 1138 1426 deiciendi.
1184 1365 1286 1444 ltaque
1309 1385 1360 1446 pe·

180 1465 267 1524 cunia
295 1483 383 1542 quam
417 1483 431 1524 a
460 1463 609 1540 Philagrio
638 1469 793 1542 acceperat
819 1482 893 1523 usus
922 1465 1021 1542 copias
1049 1461 1114 1546 sihij
1136 1463 1303 1524 conciliavit
1330 1472 1361 1525 et

182 1569 284 1622 contra
313 1561 498 1622 adversarios
527 1554 701 1643 excitavit.4)
757 1560 790 1620 ln
818 1560 949 1640 Aegypto
977 1561 1088 1621 bellum
1116 1561 1202 1622 civile
1229 1564 1359 1640 primum

179 1661 259 1719 inter
287 1667 388 1738 partes
418 1659 561 1719 Martinae
593 1667 622 1718 et
654 1658 800 1718 Valentini
831 1667 929 1718 ortum
960 1678 1025 1720 esse
1055 1659 1181 1720 videtur.
1234 1660 1360 1721 loannes

180 1765 281 1817 narrat
308 1757 419 1818 milites
448 1756 484 1816 ab
508 1755 655 1816 drabibus
683 1756 893 1835 impugnandis
922 1756 1070 1818 destitisse
1100 1765 1129 1817 et
1152 1776 1233 1817 arma
1257 1766 1360 1819 contra

181 1857 261 1915 cives
284 1855 398 1916 tulisse.
406 1849 432 1938 5)
478 1854 651 1914 Valentinus
674 1853 811 1914 Rhodum
834 1854 945 1933 legatos
973 1857 1063 1932 misit,
1091 1864 1124 1916 ut
1148 1858 1256 1934 copiae,
1284 1875 1359 1936 qnae

182 1971 249 2013 curn
265 1952 341 2032 Cyro
359 1954 509 2031 proiectae
528 1954 559 2012 in
578 1951 628 2012 illa
646 1952 744 2014 insula
762 1953 965 2034 versabantur,
985 1954 1021 2014 ad
1034 1962 1135 2033 partes
1150 1953 1360 2016 seditiosorum

181 2051 335 2111 traherent
353 2059 383 2111 ct
402 2058 622 2112 commoverent
639 2058 673 2110 ut
692 2050 976 2130 Constantinopolim
992 2052 1132 2112 redirent.
1140 2047 1166 2136 6)
1203 2052 1299 2113 Rhodi
1317 2052 1358 2113 le·

181 2149 242 2226 gati
252 2148 399 2208 Valentini
413 2150 502 2208 etiam
518 2167 585 2208 cum
599 2148 762 2226 Theodoro,
777 2149 927 2227 praelecto
942 2150 1145 2228 Alexandriae,
1160 2153 1359 2211 communica·

179 2255 300 2324 verunt,
329 2265 417 2325 quem
445 2247 555 2306 hortati
579 2253 662 2324 sunt,
690 2265 727 2306 ne
751 2246 894 2307 Martinae
917 2250 1085 2328 praeceptis
1108 2247 1262 2309 oboediret
1284 2267 1358 2310 neve
1400 2284 1405 2295 ·

180 2346 245 2406 eius
269 2343 338 2404 liliis
361 2351 538 2423 potestatem
567 2343 744 2404 concederet
766 2346 797 2404 in
826 2345 923 2405 locum
951 2349 1140 2425 imperatoris
1164 2345 1269 2406 Graeci
1293 2365 1359 2408 suc·

181 2435 348 2525 cedendis)
405 2441 580 2520 Legationes
614 2441 813 2502 clandestinae
841 2443 969 2504 dlricam
1002 2463 1164 2524 omnesque
1191 2446 1359 2523 provincias

182 2538 311 2600 Graecas
345 2540 495 2620 adierunt,
527 2549 561 2600 ut
593 2540 769 2600 seditionem
798 2547 900 2601 contra
932 2543 1090 2621 imperium
1123 2542 1258 2603 odiosum
1290 2561 1359 2602 con-

110 2665 112 2670 v
179 2630 325 2720 harent⁸)
373 2637 545 2698 Valentinus
577 2640 642 2717 ipse
675 2656 742 2697 curn
776 2641 908 2699 exercitu
941 2659 977 2700 ex
1009 2640 1076 2699 Asia
1109 2642 1224 2700 minore
1257 2647 1359 2700 contra

180 2733 465 2814 Constantinopolim
501 2737 657 2815 processit.
703 2735 827 2794 Martina
860 2745 958 2797 autem
991 2739 1137 2816 amicique
1170 2739 1234 2798 eins
1266 2737 1359 2798 haud·

182 2849 330 2910 quaquam
353 2835 434 2892 omni
457 2833 606 2912 praesidio
631 2831 779 2892 carebant.
826 2833 934 2894 loanne
966 2837 1044 2894 enim
1073 2843 1148 2896 teste
1179 2834 1358 2896 heraclonas

181 2930 280 3008 copias
309 2948 345 2990 ex
373 2930 499 2992 Thracia
527 2934 558 2990 in
590 2938 678 3009 caput
704 2932 806 2992 venire
836 2927 1011 3016 iusserat9),
1044 2933 1122 3012 qnod
1150 2933 1257 2994 iecisse
1285 2933 1359 2993 mihi

182 3025 301 3088 videtur
324 3046 359 3088 eo
383 3029 520 3109 consilio,
547 3036 634 3090 utet
658 3028 791 3088 seditiosi
816 3028 1132 3110 Constantinopolitani
1155 3033 1358 3110 opprimeren-

182 3131 232 3184 tur
255 3133 286 3185 et
307 3125 380 3186 urbs
404 3126 441 3186 ab
465 3129 598 3188 exercitu
617 3125 764 3186 Valentini
785 3126 903 3188 delendi
921 3137 1030 3208 posset.
1076 3129 1264 3191 Valentinum
1283 3129 1358 3192 Con·

180 3223 401 3302 stantinopolim
432 3243 605 3303 aggressum
636 3243 702 3284 esse
734 3243 793 3284 non
823 3225 972 3307 proditur,
1003 3228 1094 3286 immo
1123 3229 1194 3287 satis
1217 3226 1358 3288 hahuisse

181 3319 299 3380 videtur
322 3320 537 3382 Chalcedonam
561 3317 759 3406 occuparem)

269 3417 451 3481 Heraclonas
474 3423 646 3500 imperator,
669 3428 703 3480 ut
726 3421 840 3482 animos
864 3424 1006 3482 excitatos
1025 3423 1132 3482 civium
1153 3421 1358 3484 Constantino·

179 3515 387 3596 politanorum,
414 3519 463 3596 qni
488 3537 556 3578 eum
580 3517 684 3578 liberis
708 3517 893 3579 Constantini
922 3519 1032 3598 aliquid
1055 3519 1125 3580 mali
1148 3521 1259 3582 inlerre
1282 3521 1358 3584 velle

181 3615 324 3693 suspicati
344 3624 421 3694 sunt,
444 3615 584 3695 placaret,
608 3615 746 3676 omnibus
765 3615 955 3678 Constantem
974 3616 1153 3678 incolumem
1176 3617 1307 3679 ostendit
1328 3626 1359 3680 et

180 3711 337 3772 affirmavit
359 3731 486 3792 puerum
510 3714 623 3775 salvum
647 3733 713 3775 esse
738 3724 767 3774 et
792 3733 809 3774 a
837 3733 869 3775 se
893 3715 956 3776 loco
980 3715 1034 3775 lilii
1057 3717 1179 3793 genuini
1202 3711 1356 3800 haberi.¹²)

288 3931 313 3997 1)
332 3927 451 3982 Ioannes
470 3928 532 3983 Nic.
551 3947 578 3998 p.
599 3935 650 3983 5⁸12
660 3947 700 3998 sq.
794 3931 911 4000 a)1bid.
930 3949 957 4000 p.
978 3936 1038 3985 573.

287 4010 314 4078 3)
332 4007 406 4062 Ibid.
790 4013 818 4081 4)
836 4011 955 4066 Ioannes
974 4010 1035 4066 Nic.
1056 4030 1082 4080 p.
1103 4018 1164 4066 573.

287 4091 314 4157 5)
332 4087 404 4144 Ibid.
794 4093 820 4160 6)
839 4091 910 4146 ibid.

289 4171 315 4238 7)
332 4167 404 4222 Ibid.
795 4174 821 4242 8)
840 4171 958 4226 Ioannes
977 4171 1038 4226 Nic.
1058 4191 1085 4243 p.
1103 4177 1166 4228 178.

287 4251 314 4318 9)
331 4249 402 4304 Ibid.

270 4331 314 4399 10)
332 4329 451 4384 Ioannes
470 4329 532 4384 Nic.
551 4348 578 4400 p.
600 4337 660 4386 579.
697 4331 815 4401 Niceph.
836 4351 862 4402 p.
884 4337 1027 4402 29,21sq.

270 4412 313 4480 11)
332 4409 450 4480 Niceph.
469 4429 497 4482 p.
517 4416 559 4477 29,
575 4417 609 4465 24
618 4429 677 4480 sqq.
