3304 5098
758 335 979 400 ..60-

283 520 376 580 citum
400 521 594 598 oppresserit,
626 521 723 598 ipsum
753 517 920 578 coniectum
949 536 1014 578 esse
1038 526 1184 580 narratur.
1231 517 1268 578 Ni
1292 517 1376 579 iallor
1399 521 1458 597 agi·

282 623 332 677 tur
363 615 398 677 de
429 616 557 678 Arabum
590 617 791 696 expeditione,
823 616 972 694 quarnd.
982 615 1016 676 H.
1028 613 1071 677 34
1091 609 1217 700 (ostro)
1248 616 1349 695 Maria,
1379 616 1458 677 iilius

281 713 397 794 Hudaig
422 715 453 774 in
476 714 605 774 hiricam
634 717 817 794 provinciam
846 715 928 792 iecit,
958 713 1037 774 unde
1064 733 1115 775 eos
1143 717 1175 776 in
1204 714 1334 776 Siciliam
1363 721 1458 775 trans·

281 830 400 892 gressos
424 831 490 874 esse
513 812 674 874 verisimile
698 807 780 896 est.¹)

370 909 472 990 ltaque
491 909 587 971 adhuc
606 911 763 972 consilium
782 912 972 989 imperatoris
991 929 1048 988 quo
1063 928 1169 989 papam
1183 910 1348 972 Romanum
1363 909 1400 971 ad
1414 917 1459 990 ty·

280 1027 352 1088 pum
366 1008 551 1088 probandum
572 1018 691 1089 cogeret
710 1009 745 1070 ad
764 1011 885 1070 irritum
904 1007 1060 1070 ceciderat.
1097 1007 1257 1070 Martinum
1274 1017 1378 1070 contra
1390 1027 1459 1088 per·

281 1114 400 1185 gentem
415 1108 583 1168 invenimus
598 1107 702 1186 dogma
713 1107 975 1190 monotheleticum
990 1125 1166 1186 quocunque
1176 1107 1263 1167 modo
1273 1109 1459 1187 impugnare,

282 1204 480 1266 ditheleticam
510 1214 608 1266 autem
637 1205 726 1266 fidem
754 1224 926 1285 propagare.
974 1203 1006 1264 Si
1034 1213 1119 1264 antea
1142 1203 1286 1266 Martinus
1315 1204 1458 1266 Constan-

282 1304 336 1362 tini
370 1305 445 1363 iram
475 1311 675 1383 contraxerat,
709 1303 786 1384 quod
820 1302 953 1364 consiliis
985 1304 1174 1382 imperatoris
1206 1302 1459 1381 prudentissimis,

281 1402 391 1479 quippe
420 1402 473 1479 qui
499 1408 601 1480 typum
629 1420 801 1481 proponens
831 1400 1015 1461 adversarias
1042 1409 1143 1480 partes
1165 1403 1245 1461 inter
1268 1420 1300 1461 se
1324 1402 1458 1462 reconci-

280 1496 353 1557 liare
382 1497 528 1577 studeret,
557 1498 724 1560 obluctatus
748 1509 825 1578 erat,
853 1501 911 1560 iam
935 1497 1174 1577 Constantinum,
1203 1507 1360 1578 postquam
1382 1517 1458 1578 papa

280 1597 311 1655 in
340 1597 540 1676 suspicionem
569 1596 675 1657 incidit
703 1616 771 1657 eum
800 1596 929 1676 Olympii
953 1595 1123 1657 rebellionis
1150 1598 1327 1675 participem
1355 1597 1459 1675 fuisse,

281 1711 315 1754 eo
351 1695 447 1772 magis
485 1694 529 1754 illi
560 1695 701 1756 iniestum
734 1695 826 1756 fuisse
860 1694 946 1755 facile
979 1696 1170 1756 coniciemus.
1229 1693 1267 1754 Et
1303 1713 1371 1755 cum
1403 1696 1459 1754 im-

279 1793 410 1871 peratori
435 1800 550 1853 certum
575 1792 828 1872 deliberatumque
853 1801 945 1870 esset,
972 1811 1077 1872 papam
1100 1795 1131 1852 in
1155 1794 1202 1853 ius
1225 1811 1339 1873 vocare,
1362 1791 1459 1853 Theo-

281 1890 395 1968 domm,
419 1890 568 1970 Caliopam
593 1893 776 1970 cognomine,
802 1893 834 1950 in
857 1889 971 1951 ltaliam
995 1890 1155 1950 exarchum
1180 1883 1303 1974 misici),
1327 1897 1361 1951 ut
1383 1889 1458 1950 blar-

280 1990 376 2050 tinum
399 1989 581 2068 prehensum
601 1988 887 2068 Constantinopolim
907 1981 1105 2071 abduceret.⁸)
1145 1987 1320 2049 Theodorus
1340 1987 1459 2067 Caliopa

280 2106 348 2148 cum
375 2086 530 2148 Theodoro
557 2086 686 2148 Pellurio
720 2086 901 2148 cubiculario
934 2087 1099 2146 exercitum
1127 2085 1328 2146 Ravennatem
1356 2105 1459 2147 secum

281 2183 392 2245 ducens
422 2184 469 2246 die
499 2180 642 2258 lbnlunii
668 2187 780 2245 mensis
809 2187 878 2245 anni
902 2180 967 2246 653
991 2183 1113 2244 Romam
1141 2177 1260 2268 venite)
1306 2184 1384 2263 Papa
1407 2186 1460 2263 qui

279 2283 446 2362 praescivit,
470 2301 544 2362 quae
569 2283 715 2343 exarchus
738 2302 831 2344 novus
854 2282 1056 2359 meditaretur,
1080 2282 1108 2342 ei
1127 2283 1191 2361 ipse
1210 2300 1270 2342 non
1289 2281 1405 2342 obviam
1426 2283 1460 2342 iit

279 2381 416 2442 morbum
441 2381 592 2458 simulans,
617 2379 670 2441 sed
693 2399 761 2441 cum
786 2380 903 2441 clericis
928 2381 990 2440 suis
1015 2382 1046 2439 in
1066 2379 1219 2440 basilicam
1240 2379 1457 2440 Constantinia-

279 2498 348 2539 nam
372 2497 404 2540 se
429 2479 566 2558 contulit,
595 2487 629 2540 ut
656 2478 698 2538 ibi
727 2486 925 2558 exspectaret,
954 2476 1025 2557 quid
1049 2477 1206 2538 accideret.
1253 2477 1328 2540 Cum
1352 2476 1457 2538 Graeci

278 2576 385 2638 urbem
408 2579 563 2656 intrarent,
587 2576 745 2638 nonnullos
769 2577 895 2638 clericos
915 2579 958 2637 eis
978 2575 1093 2636 obviam
1111 2578 1202 2653 misit,
1226 2578 1277 2655 qui
1297 2576 1458 2636 exarchum

279 2677 399 2736 nomine
424 2694 477 2736 suo
499 2675 670 2736 salutarent.
717 2674 890 2735 Theodorus
913 2676 945 2736 in
963 2673 1081 2754 palatio,
1104 2673 1156 2734 ubi
1175 2673 1277 2734 sedem
1297 2674 1458 2752 collocavit,

280 2772 405 2832 clericos
436 2791 452 2832 a
481 2791 556 2851 papa
586 2775 694 2833 missos
725 2775 858 2852 suscepit
887 2779 917 2832 et
947 2774 1116 2833 comitatem
1146 2772 1290 2834 simulans
1321 2771 1395 2833 dixit
1425 2791 1459 2832 se

280 2871 424 2949 postridie
447 2870 606 2930 Martinum
630 2870 780 2931 aditurum
804 2890 885 2950 esse,
912 2878 946 2930 ut
969 2889 1038 2931 eum
1062 2870 1207 2932 adoraret.
1251 2870 1335 2931 Dicta
1359 2878 1458 2931 autem

283 2967 345 3046 die,
370 2986 445 3048 quae
473 2967 620 3028 dominica
644 2969 711 3048 suit,
739 2968 912 3030 Theodoms
936 2987 995 3028 non
1018 2970 1111 3047 venit,
1134 2976 1168 3029 ut
1190 2971 1382 3047 promiserat,
1405 2967 1459 3028 sed

282 3068 352 3145 quia
375 3066 535 3127 tumultum
558 3066 758 3127 multitudinis
782 3069 895 3145 timuit,
923 3085 999 3145 quae
1022 3066 1077 3126 hac
1101 3065 1148 3127 die
1172 3069 1204 3126 in
1227 3065 1384 3145 templum,
1406 3065 1459 3126 ubi

237 3167 240 3172 '
279 3163 425 3225 Martinus
447 3171 583 3224 versatus
608 3172 661 3243 est,
686 3165 841 3243 continuit,
870 3165 1019 3226 simulavit
1047 3183 1079 3225 se
1103 3184 1139 3225 ex
1162 3167 1270 3226 itinere
1294 3163 1367 3226 adeo
1391 3165 1458 3224 lati·

280 3271 381 3340 gatum
405 3280 480 3340 esse,
503 3270 538 3322 ut
560 3262 720 3323 Martinum
744 3263 826 3324 adire
851 3281 910 3322 non
933 3271 1035 3342 posset
1058 3271 1088 3323 et
1109 3261 1260 3342 pollicitus
1285 3271 1331 3323 est
1355 3282 1386 3324 se
1410 3281 1457 3322 se-

279 3361 382 3438 quenti
413 3358 460 3420 die
489 3368 569 3420 certe
597 3369 757 3422 venturum
785 3371 815 3422 et
837 3380 943 3440 papam
962 3360 1153 3422 adoraturum
1176 3379 1251 3421 esse.
1297 3361 1458 3440 Postquam

279 3457 424 3518 exarchus
453 3477 469 3517 a
498 3458 676 3519 chartulario
701 3479 754 3520 suo
777 3460 919 3539 palatium
943 3457 1111 3538 episcopale
1133 3458 1383 3536 perscrutandum
1407 3478 1458 3518 cu·

370 3720 395 3788 1)
416 3715 455 3773 cr.
474 3718 526 3771 lon
545 3713 783 3773 Abu-El-Haram
804 3719 926 3789 (stane)
945 3738 972 3788 p.
993 3725 1095 3788 sorsq.

369 3801 395 3868 2)
415 3798 578 3852 Theodoms
609 3797 727 3869 Callope
756 3799 845 3870 igitur
872 3800 916 3854 bis
941 3799 1042 3854 Italiae
1068 3800 1204 3854 exarchus
1230 3801 1368 3867 praeerat.
1416 3797 1455 3854 ef.

277 3877 363 3949 Pagi
382 3879 419 3932 ad
438 3895 502 3932 ann.
523 3881 634 3934 643111.
1295 3889 1297 3894 ’

368 3961 394 4027 t)
414 3957 492 4024 Quae
525 3959 561 4013 ab
589 3959 638 4014 illo
661 3963 790 4030 tempore
815 3959 954 4014 Martinus
979 3975 1128 4028 perpessus
1155 3962 1210 4026 est,
1238 3959 1299 4029 ipse
1327 3958 1458 4027 epistulis

278 4037 315 4090 ad
343 4037 521 4094 Theodorum
549 4041 671 4094 amicum
699 4041 820 4111 (blansi
837 4039 863 4092 X
880 4057 908 4108 p.
929 4044 990 4106 849,
1009 4041 1072 4109 851)
1096 4039 1171 4093 datis
1195 4042 1299 4094 narrat.
1346 4039 1388 4093 De
1416 4040 1459 4093 eis

225 4117 226 4120 ’
277 4118 374 4185 rebus,
400 4135 473 4187 quae
498 4117 744 4191 Constantinopoli
766 4123 864 4191 gestae
890 4121 968 4188 sunt,
994 4119 1134 4188 imprimis
1160 4119 1293 4174 docemur
1319 4136 1457 4187 „comme-

277 4198 462 4266 moratione“,
485 4213 558 4267 quae
583 4198 619 4252 ab
648 4199 739 4254 amico
764 4217 858 4270 papae
882 4199 977 4254 neseio
1003 4217 1058 4268 quo
1085 4200 1242 4270 composita
1267 4202 1310 4254 est
1336 4201 1456 4270 (Manui

277 4277 302 4330 X
321 4296 347 4348 p.
369 4283 419 4331 853
431 4281 510 4346 sqq.).

367 4360 394 4428 4)
414 4359 495 4412 Anno
516 4364 566 4414 653
586 4359 741 4414 Martinam
763 4378 779 4414 a
798 4361 945 4415 Theodoro
965 4360 1085 4415 exarcho
1104 4360 1273 4430 prehensum
1293 4377 1353 4416 esse
1372 4361 1457 4432 Pagi

277 4438 296 4493 l.
317 4455 339 4492 c.
358 4438 398 4492 HI
415 4457 442 4508 p.
459 4445 474 4491 5
495 4440 542 4508 (ad
563 4456 626 4493 ann.
647 4442 766 4512 660V11)
786 4441 918 4495 ostendit.
