3304 5098
647 329 868 392 -37-

168 510 233 572 sula
256 514 312 572 sita
334 517 405 590 erat,
428 513 526 571 tenuit
544 529 668 590 eamque
688 529 794 589 capere
814 518 936 572 conatus
956 519 1009 572 est.
1052 511 1109 572 Sed
1128 511 1211 591 urbe,
1235 514 1345 592 quippe

168 628 243 688 quae
267 617 373 670 natura
396 609 454 669 loci
478 611 549 670 satis
573 611 658 668 firma
682 618 774 688 esset,
792 611 891 688 potiri
914 628 974 670 non
997 611 1102 689 potuit,
1125 613 1259 688 quamvis
1283 629 1345 671 om·

166 710 216 768 nia
241 706 405 768 moliretur.
452 707 554 785 ltaque
578 706 808 768 Thomarichum
832 710 1004 786 episcopum
1033 709 1065 767 in
1088 707 1230 788 oppidum
1253 710 1344 787 misit,

167 808 219 885 qui
243 805 357 866 civibus
380 807 518 866 timorem
542 807 670 865 iniciens
693 804 900 884 persuaderet,
922 815 957 867 ut
980 825 1011 867 se
1036 806 1186 866 dederent
1232 804 1271 865 lli
1294 825 1344 866 au·

165 911 227 964 tem
250 903 331 964 nullo
355 911 450 982 pacto,
474 902 553 982 quod
571 903 665 963 blavia
688 903 856 982 postulavit,
880 904 1028 986 lecerunt3
1052 907 1124 984 quin
1143 906 1242 983 potius
1266 907 1344 982 epis·
1446 968 1448 972 ,

168 1020 284 1080 copum,
306 1008 463 1080 postquam
482 1000 589 1060 urbem
607 1002 737 1080 intrarit,
760 1001 992 1080 prehenderunt.
1039 1001 1133 1062 blavia
1151 1003 1252 1081 igitur,
1275 1020 1343 1062 cum

167 1099 253 1160 aliter
276 1097 382 1159 urbem
406 1098 543 1158 subicere
567 1117 627 1158 non
650 1107 751 1178 posset
774 1107 804 1159 et
826 1100 923 1160 hiems
947 1103 1130 1177 immineret,
1161 1100 1259 1160 iacere
1282 1118 1343 1160 non

165 1199 274 1276 potuit,
305 1198 377 1275 quin
408 1195 563 1256 obsidione
592 1196 749 1257 desisteret
777 1204 806 1256 et
833 1199 926 1276 copiis
950 1197 1081 1257 dimissis
1105 1199 1136 1256 in
1159 1199 1342 1276 provinciam

166 1313 249 1356 suam
273 1288 422 1378 rediret.¹)

254 1393 397 1472 Sequenti
425 1399 524 1453 autem
553 1410 630 1453 anno
659 1386 754 1475 (650)
779 1393 875 1454 denuo
898 1392 1028 1453 Aradum
1052 1395 1232 1471 oppugnavit
1255 1400 1342 1472 atque

164 1498 236 1552 tunc
260 1490 381 1570 quidem
404 1490 515 1550 blaviae
547 1492 671 1569 contigit
700 1490 805 1550 urbem
829 1493 1007 1570 opprimere,
1036 1509 1124 1570 quam
1148 1491 1209 1568 igni
1234 1489 1342 1552 delevit

166 1596 196 1649 et
219 1588 281 1650 solo
305 1590 449 1668 aequavit.
496 1588 692 1667 Theophanes
716 1591 777 1648 sive
801 1597 904 1649 auctor
927 1607 1017 1668 quem
1039 1588 1087 1648 his
1106 1590 1137 1648 in
1157 1587 1246 1648 rebus
1265 1595 1341 1648 trac-

166 1685 264 1747 tandis
279 1694 400 1747 secutus
415 1694 460 1746 est
475 1686 602 1746 affirmat
616 1704 711 1765 usque
726 1685 762 1746 ad
777 1705 861 1747 suam
876 1694 1002 1747 aetatem
1021 1688 1172 1747 neminem
1191 1688 1222 1746 in
1236 1686 1342 1765 insula,

163 1792 320 1864 postquam
344 1784 379 1844 ab
399 1784 541 1862 Agauenis
566 1783 715 1844 devastata
738 1791 825 1862 esset,
850 1783 952 1844 sedem
971 1777 1198 1866 collocavisse.²)
1235 1783 1342 1844 Incolis

164 1881 253 1942 Aradi
271 1881 365 1942 blavia
384 1884 532 1942 concessit
549 1889 584 1942 ut
603 1881 751 1942 domicilia
771 1901 845 1942 nova
865 1883 1090 1961 constituerent,
1108 1881 1160 1942 ubi
1179 1881 1297 1942 vellent.

578 2109 623 2174 Dc
646 2126 723 2192 paco
747 2108 934 2194 Procopii.³)

254 2255 344 2316 Novis
368 2255 596 2332 calamitatibus,
625 2255 734 2334 quibus
758 2254 863 2316 Graeci
892 2256 927 2315 ab
951 2255 1096 2316 arabibus
1125 2256 1224 2316 allecti
1247 2264 1340 2333 erant,

163 2353 374 2415 Constantinus
398 2354 438 2414 lll
461 2361 616 2432 tantopere
640 2355 817 2431 perterritus
841 2354 905 2432 luit,
929 2362 963 2415 ut
984 2353 1150 2432 praeterret
1172 2355 1341 2432 pactionem

162 2471 230 2512 cum
254 2451 388 2512 hostibus
413 2452 525 2530 lacere,
548 2470 606 2529 qua
630 2449 752 2510 Graecis
776 2451 894 2530 aliquod
917 2460 1034 2531 tempus
1058 2453 1111 2511 otii
1134 2451 1170 2511 ab
1193 2451 1253 2510 illis
1277 2451 1339 2511 lore

164 2551 301 2628 speravit.
339 2549 441 2628 Neque
460 2557 559 2609 tamen
573 2551 736 2627 imperator
754 2552 817 2628 ipsc
837 2552 867 2608 in
887 2551 942 2610 hac
962 2568 994 2610 re
1012 2549 1172 2628 quidquam
1187 2551 1339 2628 suscipere

162 2656 332 2728 aususest3
365 2651 539 2726 priusquam
563 2648 642 2706 enim
667 2666 734 2708 cum
759 2647 914 2708 Saracenis
938 2651 1011 2726 egit,
1035 2667 1050 2708 a
1075 2648 1180 2726 copiis,
1205 2646 1276 2725 quid
1301 2646 1336 2706 de

161 2765 233 2825 pace
263 2765 330 2806 cum
358 2745 493 2805 hostibus
523 2744 656 2804 iacienda
685 2747 844 2824 sentirent,
873 2748 1038 2824 comperire
1067 2743 1188 2806 studuit.
1235 2745 1336 2822 ltaque

161 2843 372 2904 Constantinus
404 2851 438 2902 ut
473 2845 622 2902 exercitus
656 2843 727 2922 qnid
759 2845 885 2904 sentiret
917 2850 1123 2922 cognosceret,
1160 2842 1337 2921 Procopium

160 2942 308 3020 quendam
332 2940 368 3001 ad
393 2943 493 3020 copias
516 2943 606 3018 misit,
630 2943 690 3019 qui,
714 2949 869 3020 postquam
894 2960 1071 3002 consensum
1095 2941 1223 3001 militurn
1242 2942 1336 3018 impe-

159 3041 257 3118 travit,
279 3039 455 3100 Damascum
481 3039 632 3118 protectus
657 3046 710 3117 est,
734 3046 767 3098 ut
791 3057 857 3098 cum
877 3038 970 3098 Mavia
995 3037 1030 3098 dc
1054 3041 1136 3117 pacis
1156 3037 1336 3098 condicioni·

159 3137 216 3198 bus
236 3147 344 3218 ageret.
383 3136 494 3197 Sebeos
513 3136 690 3214 Procopium
710 3143 771 3196 toto
790 3155 858 3196 cunr
878 3137 1010 3196 exercitu
1025 3135 1199 3196 Damascum
1218 3138 1335 3196 venisse

158 3245 269 3296 narrat
315 3235 376 3296 Hoc
405 3242 504 3295 autem
532 3235 605 3294 mihi
634 3233 775 3294 credibile
798 3253 858 3294 non
881 3233 1011 3314 videtur3
1044 3233 1122 3294 haud
1151 3235 1211 3294 scio
1238 3252 1275 3293 an
1299 3233 1335 3294 de

159 3333 306 3412 legatione
329 3333 533 3394 tantummodo
552 3333 769 3412 praefectorum
789 3331 963 3392 militarium
982 3332 1170 3409 cogitandum
1190 3334 1236 3391 sit.
1275 3330 1333 3391 bla-

157 3434 205 3492 ria
227 3450 332 3512 pacem
355 3431 465 3491 talibus
489 3430 714 3491 condicionibus
737 3432 813 3508 iniit,
836 3437 870 3489 ut
894 3428 999 3490 Graeci
1022 3429 1168 3490 Arabibus
1190 3429 1335 3490 tributum

158 3529 308 3591 solverent
335 3536 365 3589 et
393 3527 583 3606 Gregorium,
612 3529 705 3588 lilium
734 3527 895 3606 Theodori,
924 3529 975 3607 qui
998 3527 1127 3587 heraclii
1156 3527 1247 3588 irater
1271 3528 1334 3604 luit,

157 3626 291 3688 obsidem
316 3626 430 3687 darent.
476 3625 635 3686 Praeterea
648 3614 853 3686 ¹constitutum
878 3634 931 3705 est,
954 3633 988 3686 ut
1011 3627 1086 3686 sanes
1104 3628 1261 3704 utriusque
1280 3628 1334 3686 im-

156 3725 233 3802 perii
256 3725 499 3784 terminarentur.

246 3821 426 3901 Theophane
455 3828 576 3882 auctore
603 3840 661 3900 pax
688 3821 720 3882 l.
735 3821 772 3882 Μ.
792 3819 880 3883 6142
895 3850 937 3871 =
953 3823 984 3882 Α.
999 3821 1032 3882 ll.
1052 3817 1146 3902 650s1
1179 3822 1253 3881 lacta
1280 3829 1333 3882 est.

157 3917 269 3980 Sebeos
292 3927 395 3980 narrat
422 3937 499 3980 anno
524 3918 699 3980 duodecimo
727 3921 846 4000 imperii
870 3919 1055 3980 Constantini
1080 3912 1207 4002 (652l3)
1231 3936 1334 3996 pacem

155 4017 305 4078 triennem
329 4011 480 4100 exiisse4),
503 4017 591 4096 unde,
616 4020 642 4078 si
664 4018 734 4078 huic
758 4019 921 4078 narrationi
944 4017 1018 4078 fides
1043 4015 1176 4094 debetur,
1199 4015 1333 4076 videmus

251 4190 277 4257 1)
296 4187 483 4258 Theophanes
501 4207 529 4258 p.
550 4194 611 4255 344,
627 4195 711 4258 3sqq.
821 4188 906 4258 ²)1d·
925 4207 953 4258 p.
973 4193 1151 4255 ³44‚1asqq.

245 4271 272 4338 3)
291 4268 423 4324 'lectibus
449 4269 555 4324 utimur
579 4269 752 4339 Theophane
779 4288 806 4338 p.
834 4273 1018 4336 844‚21sqq.
1044 4271 1073 4322 et
1099 4267 1187 4322 Sebeo
1209 4283 1270 4336 cap.
1290 4273 1334 4323 38.

154 4345 218 4402 l·⁰·
237 4354 394 4497 lhllSleb'eos
413 4427 432 4483 l.
452 4445 474 4482 c.
494 4447 522 4498 p.
544 4435 603 4484 132.
