<?xml version="1.0" encoding="UTF-8"?>
<!DOCTYPE html PUBLIC "-//W3C//DTD XHTML 1.0 Transitional//EN"
    "http://www.w3.org/TR/xhtml1/DTD/xhtml1-transitional.dtd">
<html xmlns="http://www.w3.org/1999/xhtml" xml:lang="en" lang="en">
 <head>
  <title>
</title>
<meta http-equiv="Content-Type" content="text/html;charset=utf-8" />
  <meta name='ocr-system' content='tesseract 3.04.00' />
  <meta name='ocr-capabilities' content='ocr_page ocr_carea ocr_par ocr_line ocrx_word'/>
</head>
<body>
  <div class='ocr_page' id='page_1' title='image "./deimperioconsta00kaesgoog_0092.png"; bbox 0 0 3304 5098; ppageno 0'>
   <div class='ocr_carea' id='block_1_1' title="bbox 658 337 878 402">
    <p class='ocr_par' dir='ltr' id='par_1_1' title="bbox 658 337 878 402">
     <span class='ocr_line' id='line_1_1' title="bbox 658 337 878 402; baseline -0.005 -17"><span class='ocrx_word' id='word_1_1' title='bbox 658 337 787 402; x_wconf 43' lang='lat'>487</span> <span class='ocrx_word' id='word_1_2' title='bbox 835 375 878 384; x_wconf 69' lang='grc'>.-</span> 
     </span>
    </p>
   </div>
   <div class='ocr_carea' id='block_1_2' title="bbox 149 521 1363 3442">
    <p class='ocr_par' dir='ltr' id='par_1_2' title="bbox 168 521 1358 898">
     <span class='ocr_line' id='line_1_2' title="bbox 168 521 1356 608; baseline -0.011 -18"><span class='ocrx_word' id='word_1_3' title='bbox 168 532 322 608; x_wconf 84' lang='lat' dir='ltr'>parentis.</span> <span class='ocrx_word' id='word_1_4' title='bbox 360 527 493 586; x_wconf 79' lang='lat' dir='ltr'><em>Provide</em></span> <span class='ocrx_word' id='word_1_5' title='bbox 516 526 677 584; x_wconf 77' lang='lat' dir='ltr'><em>hortamur</em></span> <span class='ocrx_word' id='word_1_6' title='bbox 693 529 860 598; x_wconf 82' lang='lat' dir='ltr'>paternum</span> <span class='ocrx_word' id='word_1_7' title='bbox 884 521 1084 580; x_wconf 79' lang='lat' dir='ltr'>beatudinem</span> <span class='ocrx_word' id='word_1_8' title='bbox 1107 525 1239 578; x_wconf 82' lang='lat' dir='ltr'>oestrum</span> <span class='ocrx_word' id='word_1_9' title='bbox 1262 521 1356 578; x_wconf 83' lang='lat' dir='ltr'>omui·</span> 
     </span>
     <span class='ocr_line' id='line_1_3' title="bbox 169 618 1358 705; baseline -0.011 -17"><span class='ocrx_word' id='word_1_10' title='bbox 169 633 326 705; x_wconf 82' lang='lat' dir='ltr'>potentem</span> <span class='ocrx_word' id='word_1_11' title='bbox 345 626 507 685; x_wconf 84' lang='lat' dir='ltr'>Dominum</span> <span class='ocrx_word' id='word_1_12' title='bbox 530 626 721 682; x_wconf 79' lang='lat' dir='ltr'><em>incessanter</em></span> <span class='ocrx_word' id='word_1_13' title='bbox 744 637 838 680; x_wconf 88' lang='lat' dir='ltr'>crore</span> <span class='ocrx_word' id='word_1_14' title='bbox 855 635 917 695; x_wconf 86' lang='lat' dir='ltr'>pro</span> <span class='ocrx_word' id='word_1_15' title='bbox 942 619 1103 678; x_wconf 82' lang='lat' dir='ltr'>dilatando</span> <span class='ocrx_word' id='word_1_16' title='bbox 1127 619 1247 676; x_wconf 87' lang='lat' dir='ltr'>credito</span> <span class='ocrx_word' id='word_1_17' title='bbox 1271 618 1358 676; x_wconf 87' lang='lat' dir='ltr'>nobis</span> 
     </span>
     <span class='ocr_line' id='line_1_4' title="bbox 179 708 1357 798; baseline -0.011 -13"><span class='ocrx_word' id='word_1_18' title='bbox 179 728 216 785; x_wconf 88' lang='lat' dir='ltr'>ob</span> <span class='ocrx_word' id='word_1_19' title='bbox 240 728 306 785; x_wconf 85' lang='lat' dir='ltr'>eius</span> <span class='ocrx_word' id='word_1_20' title='bbox 324 727 483 783; x_wconf 82' lang='lat' dir='ltr'>maiestate</span> <span class='ocrx_word' id='word_1_21' title='bbox 502 720 643 780; x_wconf 80' lang='lat' dir='ltr'>Romano</span> <span class='ocrx_word' id='word_1_22' title='bbox 666 720 834 794; x_wconf 81' lang='lat' dir='ltr'><em>republica.</em></span> <span class='ocrx_word' id='word_1_23' title='bbox 872 708 1003 798; x_wconf 58' lang='lat' dir='ltr'>Finem)</span> <span class='ocrx_word' id='word_1_24' title='bbox 1036 713 1097 774; x_wconf 90' lang='lat' dir='ltr'>Hae</span> <span class='ocrx_word' id='word_1_25' title='bbox 1116 713 1233 774; x_wconf 81' lang='lat' dir='ltr'>litterae</span> <span class='ocrx_word' id='word_1_26' title='bbox 1252 712 1357 773; x_wconf 86' lang='lat' dir='ltr'>Martio</span> 
     </span>
     <span class='ocr_line' id='line_1_5' title="bbox 177 808 859 898; baseline -0.012 -16"><span class='ocrx_word' id='word_1_27' title='bbox 177 838 280 882; x_wconf 89' lang='lat' dir='ltr'>mense</span> <span class='ocrx_word' id='word_1_28' title='bbox 304 821 374 880; x_wconf 91' lang='lat' dir='ltr'>anni</span> <span class='ocrx_word' id='word_1_29' title='bbox 393 813 458 878; x_wconf 88' lang='grc'>666</span> <span class='ocrx_word' id='word_1_30' title='bbox 483 815 566 876; x_wconf 84' lang='grc'><strong>66166</strong></span> <span class='ocrx_word' id='word_1_31' title='bbox 590 833 656 875; x_wconf 89' lang='grc'><strong>6666</strong></span> <span class='ocrx_word' id='word_1_32' title='bbox 680 808 859 898; x_wconf 66' lang='grc'><strong>66661661)</strong></span> 
     </span>
    </p>

    <p class='ocr_par' dir='ltr' id='par_1_3' title="bbox 149 908 1363 2463">
     <span class='ocr_line' id='line_1_6' title="bbox 267 908 1357 979; baseline -0.009 -1"><span class='ocrx_word' id='word_1_33' title='bbox 267 917 327 979; x_wconf 93' lang='lat' dir='ltr'>Sed</span> <span class='ocrx_word' id='word_1_34' title='bbox 350 915 525 977; x_wconf 81' lang='lat' dir='ltr'><strong>accedamus</strong></span> <span class='ocrx_word' id='word_1_35' title='bbox 548 932 629 974; x_wconf 91' lang='lat' dir='ltr'>nunc</span> <span class='ocrx_word' id='word_1_36' title='bbox 652 912 689 974; x_wconf 94' lang='lat' dir='ltr'>ad</span> <span class='ocrx_word' id='word_1_37' title='bbox 713 914 824 973; x_wconf 85' lang='lat' dir='ltr'>exitum</span> <span class='ocrx_word' id='word_1_38' title='bbox 848 911 1035 972; x_wconf 88' lang='lat' dir='ltr'>Constantini</span> <span class='ocrx_word' id='word_1_39' title='bbox 1060 909 1253 972; x_wconf 89' lang='lat' dir='ltr'>tractandum.</span> <span class='ocrx_word' id='word_1_40' title='bbox 1300 908 1357 968; x_wconf 91' lang='lat' dir='ltr'>lm·</span> 
     </span>
     <span class='ocr_line' id='line_1_7' title="bbox 178 1005 1358 1097; baseline -0.01 -20"><span class='ocrx_word' id='word_1_41' title='bbox 178 1023 298 1097; x_wconf 88' lang='lat' dir='ltr'>perator</span> <span class='ocrx_word' id='word_1_42' title='bbox 331 1014 486 1093; x_wconf 76' lang='lat' dir='ltr'>Syracusis</span> <span class='ocrx_word' id='word_1_43' title='bbox 523 1013 641 1072; x_wconf 92' lang='lat' dir='ltr'>occisus</span> <span class='ocrx_word' id='word_1_44' title='bbox 679 1018 724 1071; x_wconf 91' lang='lat' dir='ltr'>est</span> <span class='ocrx_word' id='word_1_45' title='bbox 761 1011 964 1070; x_wconf 90' lang='lat' dir='ltr'>coniuratione</span> <span class='ocrx_word' id='word_1_46' title='bbox 997 1009 1085 1086; x_wconf 87' lang='lat' dir='ltr'>lacta,</span> <span class='ocrx_word' id='word_1_47' title='bbox 1123 1026 1211 1086; x_wconf 91' lang='lat' dir='ltr'>quam</span> <span class='ocrx_word' id='word_1_48' title='bbox 1242 1005 1358 1067; x_wconf 85' lang='lat' dir='ltr'>nubiles</span> 
     </span>
     <span class='ocr_line' id='line_1_8' title="bbox 177 1104 1357 1194; baseline -0.01 -19"><span class='ocrx_word' id='word_1_49' title='bbox 177 1113 312 1194; x_wconf 86' lang='lat' dir='ltr'>quidam,</span> <span class='ocrx_word' id='word_1_50' title='bbox 337 1113 388 1191; x_wconf 90' lang='lat' dir='ltr'>qui</span> <span class='ocrx_word' id='word_1_51' title='bbox 412 1112 490 1170; x_wconf 93' lang='lat' dir='ltr'>inter</span> <span class='ocrx_word' id='word_1_52' title='bbox 514 1113 579 1170; x_wconf 92' lang='lat' dir='ltr'>eius</span> <span class='ocrx_word' id='word_1_53' title='bbox 603 1105 727 1168; x_wconf 81' lang='lat' dir='ltr'>comites</span> <span class='ocrx_word' id='word_1_54' title='bbox 751 1115 843 1185; x_wconf 89' lang='lat' dir='ltr'>erant,</span> <span class='ocrx_word' id='word_1_55' title='bbox 868 1107 1042 1168; x_wconf 84' lang='grc' dir='ltr'><strong>666116νὶ666</strong></span> <span class='ocrx_word' id='word_1_56' title='bbox 1066 1105 1212 1166; x_wconf 86' lang='lat' dir='ltr'>videntur.</span> <span class='ocrx_word' id='word_1_57' title='bbox 1259 1104 1357 1183; x_wconf 86' lang='lat' dir='ltr'>Scrip-</span> 
     </span>
     <span class='ocr_line' id='line_1_9' title="bbox 178 1201 1358 1288; baseline -0.009 -16"><span class='ocrx_word' id='word_1_58' title='bbox 178 1221 260 1272; x_wconf 80' lang='lat' dir='ltr'>tores</span> <span class='ocrx_word' id='word_1_59' title='bbox 283 1209 443 1288; x_wconf 87' lang='lat' dir='ltr'>Andream,</span> <span class='ocrx_word' id='word_1_60' title='bbox 473 1208 567 1268; x_wconf 87' lang='lat' dir='ltr'>lilium</span> <span class='ocrx_word' id='word_1_61' title='bbox 591 1205 696 1284; x_wconf 85' lang='lat' dir='ltr'>Troili,</span> <span class='ocrx_word' id='word_1_62' title='bbox 721 1214 751 1266; x_wconf 90' lang='lat' dir='ltr'>et</span> <span class='ocrx_word' id='word_1_63' title='bbox 774 1206 982 1283; x_wconf 84' lang='lat' dir='ltr'>lastinianum,</span> <span class='ocrx_word' id='word_1_64' title='bbox 1006 1211 1121 1284; x_wconf 93' lang='lat' dir='ltr'>patrem</span> <span class='ocrx_word' id='word_1_65' title='bbox 1146 1201 1285 1263; x_wconf 82' lang='lat' dir='ltr'>Germani</span> <span class='ocrx_word' id='word_1_66' title='bbox 1308 1220 1358 1281; x_wconf 92' lang='lat' dir='ltr'>pa-</span> 
     </span>
     <span class='ocr_line' id='line_1_10' title="bbox 178 1297 1359 1386; baseline -0.01 -15"><span class='ocrx_word' id='word_1_67' title='bbox 178 1309 328 1371; x_wconf 90' lang='lat' dir='ltr'>triarchae</span> <span class='ocrx_word' id='word_1_68' title='bbox 343 1304 668 1384; x_wconf 89' lang='lat' dir='ltr'>Constantinopolitani,</span> <span class='ocrx_word' id='word_1_69' title='bbox 688 1311 929 1364; x_wconf 89' lang='lat' dir='ltr'>commemorant.</span> <span class='ocrx_word' id='word_1_70' title='bbox 936 1297 962 1386; x_wconf 82' lang='lat'>³)</span> <span class='ocrx_word' id='word_1_71' title='bbox 1001 1301 1114 1362; x_wconf 83' lang='lat' dir='ltr'>Deinde</span> <span class='ocrx_word' id='word_1_72' title='bbox 1129 1303 1218 1362; x_wconf 92' lang='lat' dir='ltr'>etiam</span> <span class='ocrx_word' id='word_1_73' title='bbox 1233 1299 1359 1360; x_wconf 89' lang='lat' dir='ltr'>clericos</span> 
     </span>
     <span class='ocr_line' id='line_1_11' title="bbox 179 1398 1358 1482; baseline -0.008 -15"><span class='ocrx_word' id='word_1_74' title='bbox 179 1407 297 1467; x_wconf 88' lang='lat' dir='ltr'>Siculos</span> <span class='ocrx_word' id='word_1_75' title='bbox 328 1405 543 1465; x_wconf 91' lang='lat' dir='ltr'>coniurationis</span> <span class='ocrx_word' id='word_1_76' title='bbox 575 1403 737 1482; x_wconf 81' lang='lat' dir='ltr'>participes</span> <span class='ocrx_word' id='word_1_77' title='bbox 765 1401 857 1462; x_wconf 85' lang='lat' dir='ltr'>luisse</span> <span class='ocrx_word' id='word_1_78' title='bbox 887 1402 1018 1480; x_wconf 92' lang='lat' dir='ltr'>suspicio</span> <span class='ocrx_word' id='word_1_79' title='bbox 1046 1418 1105 1460; x_wconf 91' lang='grc'>666</span> <span class='ocrx_word' id='word_1_80' title='bbox 1134 1398 1229 1476; x_wconf 89' lang='lat' dir='ltr'>deest,</span> <span class='ocrx_word' id='word_1_81' title='bbox 1262 1405 1296 1458; x_wconf 93' lang='lat' dir='ltr'>ut</span> <span class='ocrx_word' id='word_1_82' title='bbox 1324 1416 1358 1458; x_wconf 85' lang='lat' dir='ltr'>ex</span> 
     </span>
     <span class='ocr_line' id='line_1_12' title="bbox 181 1496 1359 1583; baseline -0.007 -19"><span class='ocrx_word' id='word_1_83' title='bbox 181 1506 344 1583; x_wconf 80' lang='lat' dir='ltr'>fragmento</span> <span class='ocrx_word' id='word_1_84' title='bbox 374 1500 533 1582; x_wconf 91' lang='lat' dir='ltr'>epistulae,</span> <span class='ocrx_word' id='word_1_85' title='bbox 562 1519 650 1580; x_wconf 90' lang='lat' dir='ltr'>quam</span> <span class='ocrx_word' id='word_1_86' title='bbox 674 1499 835 1578; x_wconf 84' lang='lat' dir='ltr'>Gregorius</span> <span class='ocrx_word' id='word_1_87' title='bbox 854 1499 881 1559; x_wconf 94' lang='grc'>11</span> <span class='ocrx_word' id='word_1_88' title='bbox 907 1517 982 1578; x_wconf 88' lang='grc'><strong>6666</strong></span> <span class='ocrx_word' id='word_1_89' title='bbox 1011 1497 1048 1558; x_wconf 88' lang='grc'>66</span> <span class='ocrx_word' id='word_1_90' title='bbox 1071 1497 1201 1558; x_wconf 90' lang='lat' dir='ltr'>Leonem</span> <span class='ocrx_word' id='word_1_91' title='bbox 1224 1496 1359 1556; x_wconf 83' lang='lat' dir='ltr'>isaurum</span> 
     </span>
     <span class='ocr_line' id='line_1_13' title="bbox 181 1591 1360 1681; baseline -0.008 -19"><span class='ocrx_word' id='word_1_92' title='bbox 181 1605 393 1680; x_wconf 87' lang='lat' dir='ltr'>imperatorem</span> <span class='ocrx_word' id='word_1_93' title='bbox 420 1598 513 1678; x_wconf 93' lang='lat' dir='ltr'>dedit,</span> <span class='ocrx_word' id='word_1_94' title='bbox 537 1598 636 1677; x_wconf 81' lang='lat' dir='ltr'>colligi</span> <span class='ocrx_word' id='word_1_95' title='bbox 658 1591 797 1681; x_wconf 75' lang='lat' dir='ltr'>potest4)</span> <span class='ocrx_word' id='word_1_96' title='bbox 844 1597 994 1676; x_wconf 87' lang='lat' dir='ltr'>Imprimis</span> <span class='ocrx_word' id='word_1_97' title='bbox 1018 1604 1116 1656; x_wconf 91' lang='lat' dir='ltr'>autem</span> <span class='ocrx_word' id='word_1_98' title='bbox 1139 1594 1283 1674; x_wconf 89' lang='lat' dir='ltr'>praelecti</span> <span class='ocrx_word' id='word_1_99' title='bbox 1306 1596 1360 1654; x_wconf 94' lang='lat' dir='ltr'>mi-</span> 
     </span>
     <span class='ocr_line' id='line_1_14' title="bbox 180 1693 1360 1775; baseline -0.007 -15"><span class='ocrx_word' id='word_1_100' title='bbox 180 1700 267 1760; x_wconf 90' lang='lat' dir='ltr'>litum</span> <span class='ocrx_word' id='word_1_101' title='bbox 287 1697 422 1758; x_wconf 82' lang='lat' dir='ltr'>effecisse</span> <span class='ocrx_word' id='word_1_102' title='bbox 441 1697 589 1775; x_wconf 91' lang='lat' dir='ltr'>videntur,</span> <span class='ocrx_word' id='word_1_103' title='bbox 608 1704 642 1757; x_wconf 94' lang='lat' dir='ltr'>ut</span> <span class='ocrx_word' id='word_1_104' title='bbox 660 1698 823 1775; x_wconf 89' lang='lat' dir='ltr'>imperator</span> <span class='ocrx_word' id='word_1_105' title='bbox 842 1713 857 1756; x_wconf 92' lang='lat' dir='ltr'>e</span> <span class='ocrx_word' id='word_1_106' title='bbox 877 1693 975 1754; x_wconf 91' lang='lat' dir='ltr'>medio</span> <span class='ocrx_word' id='word_1_107' title='bbox 994 1693 1158 1772; x_wconf 85' lang='lat' dir='ltr'>tolleretur,</span> <span class='ocrx_word' id='word_1_108' title='bbox 1178 1711 1246 1752; x_wconf 92' lang='lat' dir='ltr'>cum</span> <span class='ocrx_word' id='word_1_109' title='bbox 1261 1693 1360 1752; x_wconf 88' lang='lat' dir='ltr'>statim</span> 
     </span>
     <span class='ocr_line' id='line_1_15' title="bbox 149 1793 1361 1870; baseline -0.005 -14"><span class='ocrx_word' id='word_1_110' title='bbox 149 1849 152 1856; x_wconf 97' lang='lat'>.</span> <span class='ocrx_word' id='word_1_111' title='bbox 180 1797 374 1858; x_wconf 88' lang='lat' dir='ltr'>Constantino</span> <span class='ocrx_word' id='word_1_112' title='bbox 407 1795 565 1855; x_wconf 87' lang='lat' dir='ltr'>interiecto</span> <span class='ocrx_word' id='word_1_113' title='bbox 599 1796 762 1854; x_wconf 82' lang='lat' dir='ltr'>exercitum</span> <span class='ocrx_word' id='word_1_114' title='bbox 791 1793 977 1854; x_wconf 77' lang='lat' dir='ltr'>Anatolicum</span> <span class='ocrx_word' id='word_1_115' title='bbox 1004 1810 1113 1852; x_wconf 91' lang='lat' dir='ltr'>novum</span> <span class='ocrx_word' id='word_1_116' title='bbox 1141 1793 1361 1870; x_wconf 88' lang='lat' dir='ltr'>imperatorem,</span> 
     </span>
     <span class='ocr_line' id='line_1_16' title="bbox 178 1889 1361 1971; baseline -0.005 -17"><span class='ocrx_word' id='word_1_117' title='bbox 178 1895 327 1954; x_wconf 88' lang='lat' dir='ltr'>Mizizium</span> <span class='ocrx_word' id='word_1_118' title='bbox 346 1895 475 1970; x_wconf 92' lang='lat' dir='ltr'>nomine,</span> <span class='ocrx_word' id='word_1_119' title='bbox 499 1894 550 1971; x_wconf 93' lang='lat' dir='ltr'>qui</span> <span class='ocrx_word' id='word_1_120' title='bbox 568 1892 727 1952; x_wconf 85' lang='lat' dir='ltr'>Armenius</span> <span class='ocrx_word' id='word_1_121' title='bbox 745 1893 864 1951; x_wconf 88' lang='lat' dir='ltr'>natione</span> <span class='ocrx_word' id='word_1_122' title='bbox 884 1889 1105 1970; x_wconf 83' lang='lat' dir='ltr'>pulchritudine</span> <span class='ocrx_word' id='word_1_123' title='bbox 1125 1889 1254 1966; x_wconf 79' lang='lat' dir='ltr'>floreret,</span> <span class='ocrx_word' id='word_1_124' title='bbox 1279 1897 1361 1948; x_wconf 89' lang='lat' dir='ltr'>crea·</span> 
     </span>
     <span class='ocr_line' id='line_1_17' title="bbox 180 1983 1361 2074; baseline -0.004 -24"><span class='ocrx_word' id='word_1_125' title='bbox 180 1995 260 2052; x_wconf 86' lang='lat' dir='ltr'>visse</span> <span class='ocrx_word' id='word_1_126' title='bbox 279 1991 430 2070; x_wconf 92' lang='lat' dir='ltr'>prodatur.</span> <span class='ocrx_word' id='word_1_127' title='bbox 437 1983 463 2074; x_wconf 83' lang='lat'>⁵)</span> <span class='ocrx_word' id='word_1_128' title='bbox 501 1990 645 2050; x_wconf 74' lang='lat' dir='ltr'>ductores</span> <span class='ocrx_word' id='word_1_129' title='bbox 664 1989 891 2050; x_wconf 91' lang='lat' dir='ltr'>Constantinum</span> <span class='ocrx_word' id='word_1_130' title='bbox 909 1988 962 2048; x_wconf 91' lang='lat' dir='ltr'>tali</span> <span class='ocrx_word' id='word_1_131' title='bbox 980 1987 1067 2048; x_wconf 91' lang='lat' dir='ltr'>modo</span> <span class='ocrx_word' id='word_1_132' title='bbox 1085 1985 1250 2048; x_wconf 82' lang='lat' dir='ltr'>miserabili</span> <span class='ocrx_word' id='word_1_133' title='bbox 1268 1989 1361 2046; x_wconf 91' lang='lat' dir='ltr'>inter-</span> 
     </span>
     <span class='ocr_line' id='line_1_18' title="bbox 181 2082 1360 2165; baseline -0.005 -16"><span class='ocrx_word' id='word_1_134' title='bbox 181 2090 292 2149; x_wconf 86' lang='lat' dir='ltr'>iectum</span> <span class='ocrx_word' id='word_1_135' title='bbox 317 2105 382 2148; x_wconf 91' lang='lat' dir='ltr'>esse</span> <span class='ocrx_word' id='word_1_136' title='bbox 405 2095 541 2148; x_wconf 90' lang='lat' dir='ltr'>narrant:</span> <span class='ocrx_word' id='word_1_137' title='bbox 565 2106 633 2147; x_wconf 91' lang='lat' dir='ltr'>cum</span> <span class='ocrx_word' id='word_1_138' title='bbox 657 2089 873 2165; x_wconf 89' lang='lat' dir='ltr'>imperatorin</span> <span class='ocrx_word' id='word_1_139' title='bbox 896 2085 1010 2164; x_wconf 89' lang='lat' dir='ltr'>balneo,</span> <span class='ocrx_word' id='word_1_140' title='bbox 1034 2085 1113 2164; x_wconf 90' lang='lat' dir='ltr'>quod</span> <span class='ocrx_word' id='word_1_141' title='bbox 1136 2083 1257 2164; x_wconf 85' lang='lat' dir='ltr'>Daphne</span> <span class='ocrx_word' id='word_1_142' title='bbox 1282 2082 1360 2144; x_wconf 88' lang='lat' dir='ltr'>dice·</span> 
     </span>
     <span class='ocr_line' id='line_1_19' title="bbox 180 2181 1362 2265; baseline -0.004 -19"><span class='ocrx_word' id='word_1_143' title='bbox 180 2185 278 2265; x_wconf 83' lang='lat' dir='ltr'>batur,</span> <span class='ocrx_word' id='word_1_144' title='bbox 305 2204 414 2264; x_wconf 90' lang='lat' dir='ltr'>sapone</span> <span class='ocrx_word' id='word_1_145' title='bbox 437 2185 541 2264; x_wconf 93' lang='lat' dir='ltr'>gallico</span> <span class='ocrx_word' id='word_1_146' title='bbox 566 2203 674 2263; x_wconf 88' lang='lat' dir='ltr'>corpus</span> <span class='ocrx_word' id='word_1_147' title='bbox 698 2203 786 2245; x_wconf 89' lang='lat' dir='ltr'>suum</span> <span class='ocrx_word' id='word_1_148' title='bbox 808 2183 926 2244; x_wconf 90' lang='lat' dir='ltr'>illinere</span> <span class='ocrx_word' id='word_1_149' title='bbox 950 2186 1106 2262; x_wconf 89' lang='lat' dir='ltr'>coepisset,</span> <span class='ocrx_word' id='word_1_150' title='bbox 1129 2181 1263 2242; x_wconf 82' lang='lat' dir='ltr'>Andreas</span> <span class='ocrx_word' id='word_1_151' title='bbox 1282 2181 1362 2242; x_wconf 86' lang='lat' dir='ltr'>tilius</span> 
     </span>
     <span class='ocr_line' id='line_1_20' title="bbox 181 2280 1363 2363; baseline -0.003 -19"><span class='ocrx_word' id='word_1_152' title='bbox 181 2281 284 2362; x_wconf 83' lang='lat' dir='ltr'>Troili,</span> <span class='ocrx_word' id='word_1_153' title='bbox 305 2286 357 2363; x_wconf 90' lang='lat' dir='ltr'>qui</span> <span class='ocrx_word' id='word_1_154' title='bbox 377 2286 406 2343; x_wconf 94' lang='lat' dir='ltr'>ei</span> <span class='ocrx_word' id='word_1_155' title='bbox 419 2284 620 2343; x_wconf 90' lang='lat' dir='ltr'>ministerium</span> <span class='ocrx_word' id='word_1_156' title='bbox 635 2283 714 2361; x_wconf 88' lang='lat' dir='ltr'>lecit,</span> <span class='ocrx_word' id='word_1_157' title='bbox 733 2281 838 2361; x_wconf 85' lang='lat' dir='ltr'>sitella,</span> <span class='ocrx_word' id='word_1_158' title='bbox 857 2301 916 2361; x_wconf 88' lang='lat' dir='ltr'>quo</span> <span class='ocrx_word' id='word_1_159' title='bbox 930 2300 1001 2362; x_wconf 94' lang='grc'><strong>6666</strong></span> <span class='ocrx_word' id='word_1_160' title='bbox 1017 2280 1255 2358; x_wconf 77' lang='lat' dir='ltr'>conservabatur,</span> <span class='ocrx_word' id='word_1_161' title='bbox 1275 2287 1363 2359; x_wconf 92' lang='lat' dir='ltr'>caput</span> 
     </span>
     <span class='ocr_line' id='line_1_21' title="bbox 181 2373 1016 2463; baseline -0.002 -21"><span class='ocrx_word' id='word_1_162' title='bbox 181 2383 365 2461; x_wconf 87' lang='lat' dir='ltr'>inopinantis</span> <span class='ocrx_word' id='word_1_163' title='bbox 388 2380 506 2459; x_wconf 88' lang='lat' dir='ltr'>cecidit,</span> <span class='ocrx_word' id='word_1_164' title='bbox 528 2387 562 2441; x_wconf 93' lang='lat' dir='ltr'>ut</span> <span class='ocrx_word' id='word_1_165' title='bbox 585 2382 684 2440; x_wconf 91' lang='lat' dir='ltr'>statim</span> <span class='ocrx_word' id='word_1_166' title='bbox 708 2383 837 2440; x_wconf 89' lang='lat' dir='ltr'>animam</span> <span class='ocrx_word' id='word_1_167' title='bbox 861 2373 1016 2463; x_wconf 78' lang='lat' dir='ltr'>efflaret.⁶)</span> 
     </span>
    </p>

    <p class='ocr_par' dir='ltr' id='par_1_4' title="bbox 182 2473 1362 3050">
     <span class='ocr_line' id='line_1_22' title="bbox 272 2473 1361 2558; baseline -0.004 -19"><span class='ocrx_word' id='word_1_168' title='bbox 272 2481 383 2539; x_wconf 78' lang='lat' dir='ltr'>Auctor</span> <span class='ocrx_word' id='word_1_169' title='bbox 411 2481 488 2538; x_wconf 89' lang='lat' dir='ltr'>vitae</span> <span class='ocrx_word' id='word_1_170' title='bbox 512 2477 649 2538; x_wconf 88' lang='lat' dir='ltr'>Vitaliani</span> <span class='ocrx_word' id='word_1_171' title='bbox 676 2497 769 2558; x_wconf 89' lang='lat' dir='ltr'>papae</span> <span class='ocrx_word' id='word_1_172' title='bbox 798 2477 877 2539; x_wconf 92' lang='lat' dir='ltr'>diem</span> <span class='ocrx_word' id='word_1_173' title='bbox 905 2477 1005 2539; x_wconf 91' lang='lat' dir='ltr'>caedis</span> <span class='ocrx_word' id='word_1_174' title='bbox 1030 2473 1158 2538; x_wconf 82' lang='lat' dir='ltr'>151um</span> <span class='ocrx_word' id='word_1_175' title='bbox 1181 2478 1293 2536; x_wconf 90' lang='lat' dir='ltr'>mensis</span> <span class='ocrx_word' id='word_1_176' title='bbox 1316 2477 1361 2536; x_wconf 91' lang='lat' dir='ltr'>in·</span> 
     </span>
     <span class='ocr_line' id='line_1_23' title="bbox 183 2570 1361 2659; baseline -0.003 -22"><span class='ocrx_word' id='word_1_177' title='bbox 183 2577 322 2637; x_wconf 88' lang='lat' dir='ltr'>dictionis</span> <span class='ocrx_word' id='word_1_178' title='bbox 349 2570 522 2659; x_wconf 59' lang='grc'><strong>126661)</strong></span> <span class='ocrx_word' id='word_1_179' title='bbox 571 2575 629 2637; x_wconf 87' lang='lat' dir='ltr'>Sed</span> <span class='ocrx_word' id='word_1_180' title='bbox 652 2577 736 2636; x_wconf 54' lang='lat' dir='ltr'>hanc*</span> <span class='ocrx_word' id='word_1_181' title='bbox 752 2575 982 2654; x_wconf 88' lang='lat' dir='ltr'>descriptionem</span> <span class='ocrx_word' id='word_1_182' title='bbox 1006 2577 1149 2654; x_wconf 89' lang='lat' dir='ltr'>temporis</span> <span class='ocrx_word' id='word_1_183' title='bbox 1174 2593 1240 2634; x_wconf 90' lang='lat' dir='ltr'>esse</span> <span class='ocrx_word' id='word_1_184' title='bbox 1260 2573 1361 2634; x_wconf 81' lang='lat' dir='ltr'>falsam</span> 
     </span>
     <span class='ocr_line' id='line_1_24' title="bbox 184 2668 1362 2753; baseline -0.004 -19"><span class='ocrx_word' id='word_1_185' title='bbox 184 2683 215 2735; x_wconf 91' lang='lat' dir='ltr'>et</span> <span class='ocrx_word' id='word_1_186' title='bbox 234 2673 459 2735; x_wconf 86' lang='lat' dir='ltr'>Constantinum</span> <span class='ocrx_word' id='word_1_187' title='bbox 488 2676 591 2753; x_wconf 92' lang='lat' dir='ltr'>spatio,</span> <span class='ocrx_word' id='word_1_188' title='bbox 615 2674 695 2753; x_wconf 92' lang='grc'><strong>6666</strong></span> <span class='ocrx_word' id='word_1_189' title='bbox 718 2677 798 2735; x_wconf 92' lang='lat' dir='ltr'>inter</span> <span class='ocrx_word' id='word_1_190' title='bbox 823 2671 863 2734; x_wconf 94' lang='grc'>16</span> <span class='ocrx_word' id='word_1_191' title='bbox 885 2673 962 2734; x_wconf 92' lang='lat' dir='ltr'>diem</span> <span class='ocrx_word' id='word_1_192' title='bbox 983 2672 1166 2752; x_wconf 86' lang='lat' dir='ltr'>Septembris</span> <span class='ocrx_word' id='word_1_193' title='bbox 1190 2680 1220 2732; x_wconf 90' lang='lat' dir='ltr'>et</span> <span class='ocrx_word' id='word_1_194' title='bbox 1244 2668 1261 2730; x_wconf 78' lang='lat' dir='ltr'>t</span> <span class='ocrx_word' id='word_1_195' title='bbox 1284 2670 1362 2730; x_wconf 89' lang='lat' dir='ltr'>diem</span> 
     </span>
     <span class='ocr_line' id='line_1_25' title="bbox 182 2767 1362 2851; baseline -0.002 -21"><span class='ocrx_word' id='word_1_196' title='bbox 182 2771 359 2832; x_wconf 86' lang='lat' dir='ltr'>Novembris</span> <span class='ocrx_word' id='word_1_197' title='bbox 388 2774 458 2831; x_wconf 91' lang='lat' dir='ltr'>anni</span> <span class='ocrx_word' id='word_1_198' title='bbox 486 2767 551 2832; x_wconf 89' lang='grc'>668</span> <span class='ocrx_word' id='word_1_199' title='bbox 575 2773 707 2832; x_wconf 91' lang='lat' dir='ltr'>occisum</span> <span class='ocrx_word' id='word_1_200' title='bbox 731 2791 811 2851; x_wconf 88' lang='lat' dir='ltr'>esse,</span> <span class='ocrx_word' id='word_1_201' title='bbox 839 2772 923 2851; x_wconf 86' lang='lat' dir='ltr'>Pagi</span> <span class='ocrx_word' id='word_1_202' title='bbox 951 2771 1072 2851; x_wconf 90' lang='lat' dir='ltr'>quidem</span> <span class='ocrx_word' id='word_1_203' title='bbox 1100 2772 1188 2831; x_wconf 80' lang='lat' dir='ltr'>nixus</span> <span class='ocrx_word' id='word_1_204' title='bbox 1211 2768 1362 2830; x_wconf 90' lang='lat' dir='ltr'>nonnullis</span> 
     </span>
     <span class='ocr_line' id='line_1_26' title="bbox 182 2866 1362 2949; baseline 0 -21"><span class='ocrx_word' id='word_1_205' title='bbox 182 2869 257 2930; x_wconf 88' lang='lat' dir='ltr'>locis</span> <span class='ocrx_word' id='word_1_206' title='bbox 286 2877 419 2929; x_wconf 88' lang='lat' dir='ltr'>actorum</span> <span class='ocrx_word' id='word_1_207' title='bbox 445 2877 546 2930; x_wconf 84' lang='lat' dir='ltr'>sextae</span> <span class='ocrx_word' id='word_1_208' title='bbox 574 2869 678 2949; x_wconf 83' lang='lat' dir='ltr'>synodi</span> <span class='ocrx_word' id='word_1_209' title='bbox 707 2869 1047 2948; x_wconf 86' lang='lat' dir='ltr'>Constantinopolitanae</span> <span class='ocrx_word' id='word_1_210' title='bbox 1080 2875 1161 2928; x_wconf 92' lang='lat' dir='ltr'>recte</span> <span class='ocrx_word' id='word_1_211' title='bbox 1195 2866 1362 2928; x_wconf 90' lang='lat' dir='ltr'>ostendisse</span> 
     </span>
     <span class='ocr_line' id='line_1_27' title="bbox 182 2960 442 3050; baseline 0 -24"><span class='ocrx_word' id='word_1_212' title='bbox 182 2967 332 3045; x_wconf 89' lang='lat' dir='ltr'>putandus</span> <span class='ocrx_word' id='word_1_213' title='bbox 356 2960 442 3050; x_wconf 80' lang='lat' dir='ltr'>est⁸)</span> 
     </span>
    </p>

    <p class='ocr_par' dir='ltr' id='par_1_5' title="bbox 184 3063 1362 3442">
     <span class='ocr_line' id='line_1_28' title="bbox 274 3063 1361 3144; baseline 0 -20"><span class='ocrx_word' id='word_1_214' title='bbox 274 3063 389 3143; x_wconf 88' lang='lat' dir='ltr'>Corpus</span> <span class='ocrx_word' id='word_1_215' title='bbox 421 3063 608 3126; x_wconf 84' lang='lat' dir='ltr'>Constantini</span> <span class='ocrx_word' id='word_1_216' title='bbox 631 3066 671 3125; x_wconf 93' lang='grc'>111</span> <span class='ocrx_word' id='word_1_217' title='bbox 704 3085 719 3126; x_wconf 89' lang='grc'>6</span> <span class='ocrx_word' id='word_1_218' title='bbox 752 3066 812 3126; x_wconf 87' lang='lat' dir='ltr'>filio</span> <span class='ocrx_word' id='word_1_219' title='bbox 846 3065 1052 3143; x_wconf 85' lang='lat' dir='ltr'>Constantino,</span> <span class='ocrx_word' id='word_1_220' title='bbox 1090 3066 1141 3144; x_wconf 91' lang='lat' dir='ltr'>qui</span> <span class='ocrx_word' id='word_1_221' title='bbox 1176 3071 1210 3124; x_wconf 93' lang='lat' dir='ltr'>ut</span> <span class='ocrx_word' id='word_1_222' title='bbox 1247 3071 1361 3143; x_wconf 88' lang='lat' dir='ltr'>patrem</span> 
     </span>
     <span class='ocr_line' id='line_1_29' title="bbox 184 3162 1362 3242; baseline -0.001 -20"><span class='ocrx_word' id='word_1_223' title='bbox 184 3162 382 3223; x_wconf 90' lang='lat' dir='ltr'>ulcisceretur</span> <span class='ocrx_word' id='word_1_224' title='bbox 410 3169 439 3222; x_wconf 91' lang='lat' dir='ltr'>et</span> <span class='ocrx_word' id='word_1_225' title='bbox 462 3162 570 3222; x_wconf 88' lang='lat' dir='ltr'>Mizizii</span> <span class='ocrx_word' id='word_1_226' title='bbox 597 3162 789 3224; x_wconf 90' lang='lat' dir='ltr'>rebellionem</span> <span class='ocrx_word' id='word_1_227' title='bbox 819 3165 1034 3242; x_wconf 86' lang='lat' dir='ltr'>exstingueret,</span> <span class='ocrx_word' id='word_1_228' title='bbox 1063 3165 1095 3222; x_wconf 91' lang='lat' dir='ltr'>in</span> <span class='ocrx_word' id='word_1_229' title='bbox 1119 3162 1249 3222; x_wconf 89' lang='lat' dir='ltr'>Siciliam</span> <span class='ocrx_word' id='word_1_230' title='bbox 1273 3163 1362 3240; x_wconf 88' lang='lat' dir='ltr'>venit,</span> 
     </span>
     <span class='ocr_line' id='line_1_30' title="bbox 185 3259 1362 3340; baseline -0.002 -20"><span class='ocrx_word' id='word_1_231' title='bbox 185 3259 470 3339; x_wconf 87' lang='lat' dir='ltr'>Constantinopolim</span> <span class='ocrx_word' id='word_1_232' title='bbox 490 3267 673 3339; x_wconf 89' lang='lat' dir='ltr'>reportatum</span> <span class='ocrx_word' id='word_1_233' title='bbox 692 3269 722 3321; x_wconf 89' lang='lat' dir='ltr'>et</span> <span class='ocrx_word' id='word_1_234' title='bbox 739 3263 771 3320; x_wconf 91' lang='lat' dir='ltr'>in</span> <span class='ocrx_word' id='word_1_235' title='bbox 791 3261 858 3322; x_wconf 87' lang='lat' dir='ltr'>lano</span> <span class='ocrx_word' id='word_1_236' title='bbox 878 3260 1077 3340; x_wconf 88' lang='lat' dir='ltr'>apostolorum</span> <span class='ocrx_word' id='word_1_237' title='bbox 1097 3267 1267 3320; x_wconf 88' lang='lat' dir='ltr'>sanctorum</span> <span class='ocrx_word' id='word_1_238' title='bbox 1280 3261 1362 3319; x_wconf 82' lang='lat' dir='ltr'>iuxta</span> 
     </span>
     <span class='ocr_line' id='line_1_31' title="bbox 184 3353 879 3442; baseline 0.001 -25"><span class='ocrx_word' id='word_1_239' title='bbox 184 3357 410 3418; x_wconf 86' lang='lat' dir='ltr'>Constantinum</span> <span class='ocrx_word' id='word_1_240' title='bbox 429 3359 456 3418; x_wconf 93' lang='grc'>11</span> <span class='ocrx_word' id='word_1_241' title='bbox 478 3369 593 3437; x_wconf 87' lang='lat' dir='ltr'>patrem</span> <span class='ocrx_word' id='word_1_242' title='bbox 617 3358 769 3419; x_wconf 91' lang='lat' dir='ltr'>conditum</span> <span class='ocrx_word' id='word_1_243' title='bbox 793 3353 879 3442; x_wconf 79' lang='lat' dir='ltr'>est.⁹)</span> 
     </span>
    </p>
   </div>
   <div class='ocr_carea' id='block_1_3' title="bbox 183 3545 1363 4498">
    <p class='ocr_par' dir='ltr' id='par_1_6' title="bbox 183 3545 1362 3696">
     <span class='ocr_line' id='line_1_32' title="bbox 276 3545 1362 3618; baseline -0.002 -18"><span class='ocrx_word' id='word_1_244' title='bbox 276 3547 470 3618; x_wconf 66' lang='grc'><strong>6116661166,</strong></span> <span class='ocrx_word' id='word_1_245' title='bbox 498 3547 562 3600; x_wconf 82' lang='lat' dir='ltr'>Vita</span> <span class='ocrx_word' id='word_1_246' title='bbox 581 3547 684 3614; x_wconf 83' lang='lat' dir='ltr'>Mauri,</span> <span class='ocrx_word' id='word_1_247' title='bbox 708 3547 744 3602; x_wconf 85' lang='lat' dir='ltr'>M.</span> <span class='ocrx_word' id='word_1_248' title='bbox 761 3546 792 3601; x_wconf 82' lang='lat' dir='ltr'>G.</span> <span class='ocrx_word' id='word_1_249' title='bbox 808 3547 843 3600; x_wconf 91' lang='lat' dir='ltr'>H.</span> <span class='ocrx_word' id='word_1_250' title='bbox 881 3547 1035 3616; x_wconf 81' lang='lat' dir='ltr'>Scriptores</span> <span class='ocrx_word' id='word_1_251' title='bbox 1058 3561 1152 3600; x_wconf 87' lang='lat' dir='ltr'>rernm</span> <span class='ocrx_word' id='word_1_252' title='bbox 1171 3545 1362 3616; x_wconf 81' lang='lat' dir='ltr'>Langobardi-</span> 
     </span>
     <span class='ocr_line' id='line_1_33' title="bbox 183 3625 893 3696; baseline 0 -16"><span class='ocrx_word' id='word_1_253' title='bbox 183 3643 282 3680; x_wconf 85' lang='lat' dir='ltr'>carum</span> <span class='ocrx_word' id='word_1_254' title='bbox 301 3627 344 3681; x_wconf 89' lang='lat' dir='ltr'>ed.</span> <span class='ocrx_word' id='word_1_255' title='bbox 363 3625 475 3680; x_wconf 84' lang='lat' dir='ltr'>Waitz</span> <span class='ocrx_word' id='word_1_256' title='bbox 493 3646 520 3696; x_wconf 83' lang='lat' dir='ltr'>p.</span> <span class='ocrx_word' id='word_1_257' title='bbox 537 3631 597 3693; x_wconf 84' lang='grc'><strong>366,</strong></span> <span class='ocrx_word' id='word_1_258' title='bbox 608 3633 642 3680; x_wconf 86' lang='grc'>49</span> <span class='ocrx_word' id='word_1_259' title='bbox 651 3645 701 3695; x_wconf 66' lang='lat' dir='ltr'>sq,</span> <span class='ocrx_word' id='word_1_260' title='bbox 721 3633 893 3696; x_wconf 82' lang='grc'><strong>361,18666.</strong></span> 
     </span>
    </p>

    <p class='ocr_par' dir='ltr' id='par_1_7' title="bbox 276 3705 1250 3776">
     <span class='ocr_line' id='line_1_34' title="bbox 276 3705 1250 3776; baseline 0 -16"><span class='ocrx_word' id='word_1_261' title='bbox 276 3709 302 3776; x_wconf 78' lang='lat' dir='ltr'>t)</span> <span class='ocrx_word' id='word_1_262' title='bbox 321 3707 505 3762; x_wconf 79' lang='lat' dir='ltr'>Muratori.</span> <span class='ocrx_word' id='word_1_263' title='bbox 525 3708 588 3761; x_wconf 84' lang='lat' dir='ltr'>Rer.</span> <span class='ocrx_word' id='word_1_264' title='bbox 608 3707 668 3762; x_wconf 82' lang='lat' dir='ltr'>ital.</span> <span class='ocrx_word' id='word_1_265' title='bbox 689 3708 784 3776; x_wconf 87' lang='lat' dir='ltr'>script.</span> <span class='ocrx_word' id='word_1_266' title='bbox 804 3707 858 3761; x_wconf 87' lang='lat'>111</span> <span class='ocrx_word' id='word_1_267' title='bbox 879 3726 906 3776; x_wconf 90' lang='lat' dir='ltr'>p.</span> <span class='ocrx_word' id='word_1_268' title='bbox 924 3713 973 3761; x_wconf 85' lang='grc'>146</span> <span class='ocrx_word' id='word_1_269' title='bbox 989 3708 1053 3762; x_wconf 86' lang='lat' dir='ltr'>adn.</span> <span class='ocrx_word' id='word_1_270' title='bbox 1072 3706 1105 3759; x_wconf 84' lang='lat' dir='ltr'>V.</span> <span class='ocrx_word' id='word_1_271' title='bbox 1127 3705 1171 3761; x_wconf 88' lang='lat' dir='ltr'>VI.</span> <span class='ocrx_word' id='word_1_272' title='bbox 1190 3705 1250 3760; x_wconf 86' lang='lat' dir='ltr'>VII.</span> 
     </span>
    </p>

    <p class='ocr_par' dir='ltr' id='par_1_8' title="bbox 186 3785 1361 3938">
     <span class='ocr_line' id='line_1_35' title="bbox 275 3785 1361 3858; baseline -0.002 -17"><span class='ocrx_word' id='word_1_273' title='bbox 275 3791 302 3858; x_wconf 84' lang='lat'>3)</span> <span class='ocrx_word' id='word_1_274' title='bbox 321 3788 447 3858; x_wconf 81' lang='lat' dir='ltr'>Theoph.</span> <span class='ocrx_word' id='word_1_275' title='bbox 462 3807 490 3858; x_wconf 92' lang='lat' dir='ltr'>p.</span> <span class='ocrx_word' id='word_1_276' title='bbox 507 3793 568 3854; x_wconf 83' lang='grc'><strong>361,</strong></span> <span class='ocrx_word' id='word_1_277' title='bbox 581 3793 623 3842; x_wconf 78' lang='grc'>39,</span> <span class='ocrx_word' id='word_1_278' title='bbox 644 3793 695 3840; x_wconf 77' lang='grc'>362</span> <span class='ocrx_word' id='word_1_279' title='bbox 705 3792 763 3842; x_wconf 86' lang='lat' dir='ltr'>not.</span> <span class='ocrx_word' id='word_1_280' title='bbox 775 3793 804 3854; x_wconf 76' lang='lat'>93</span> <span class='ocrx_word' id='word_1_281' title='bbox 824 3787 902 3842; x_wconf 85' lang='lat' dir='ltr'>Cedr.</span> <span class='ocrx_word' id='word_1_282' title='bbox 913 3806 940 3856; x_wconf 89' lang='lat' dir='ltr'>p.</span> <span class='ocrx_word' id='word_1_283' title='bbox 953 3793 1012 3856; x_wconf 79' lang='lat'>763,</span> <span class='ocrx_word' id='word_1_284' title='bbox 1024 3793 1070 3854; x_wconf 76' lang='lat'>143</span> <span class='ocrx_word' id='word_1_285' title='bbox 1090 3786 1211 3840; x_wconf 78' lang='lat' dir='ltr'>Zonaras</span> <span class='ocrx_word' id='word_1_286' title='bbox 1227 3787 1270 3840; x_wconf 87' lang='grc'>66.</span> <span class='ocrx_word' id='word_1_287' title='bbox 1280 3785 1361 3839; x_wconf 88' lang='lat' dir='ltr'>Din-</span> 
     </span>
     <span class='ocr_line' id='line_1_36' title="bbox 186 3867 492 3938; baseline 0.013 -20"><span class='ocrx_word' id='word_1_288' title='bbox 186 3867 264 3922; x_wconf 71' lang='grc'><strong>6661</strong></span> <span class='ocrx_word' id='word_1_289' title='bbox 278 3868 317 3922; x_wconf 89' lang='grc' dir='ltr'>ΙΠ</span> <span class='ocrx_word' id='word_1_290' title='bbox 336 3887 363 3938; x_wconf 92' lang='lat' dir='ltr'>p.</span> <span class='ocrx_word' id='word_1_291' title='bbox 379 3874 439 3935; x_wconf 86' lang='grc'><strong>316,</strong></span> <span class='ocrx_word' id='word_1_292' title='bbox 450 3873 492 3922; x_wconf 72' lang='grc'>36.</span> 
     </span>
    </p>

    <p class='ocr_par' dir='ltr' id='par_1_9' title="bbox 184 3945 1363 4178">
     <span class='ocr_line' id='line_1_37' title="bbox 274 3945 1363 4018; baseline 0.002 -18"><span class='ocrx_word' id='word_1_293' title='bbox 274 3951 301 4018; x_wconf 81' lang='lat'>4)</span> <span class='ocrx_word' id='word_1_294' title='bbox 322 3947 416 4002; x_wconf 82' lang='lat' dir='ltr'>Codex</span> <span class='ocrx_word' id='word_1_295' title='bbox 435 3948 635 4018; x_wconf 77' lang='lat' dir='ltr'>diplomaticus</span> <span class='ocrx_word' id='word_1_296' title='bbox 660 3945 786 4002; x_wconf 83' lang='lat' dir='ltr'>Siciliae:</span> <span class='ocrx_word' id='word_1_297' title='bbox 816 3949 992 4015; x_wconf 67' lang='lat' dir='ltr'>„Nummos</span> <span class='ocrx_word' id='word_1_298' title='bbox 1015 3951 1100 4014; x_wconf 83' lang='lat' dir='ltr'>euim,</span> <span class='ocrx_word' id='word_1_299' title='bbox 1128 3948 1176 4016; x_wconf 78' lang='lat' dir='ltr'>qui</span> <span class='ocrx_word' id='word_1_300' title='bbox 1198 3953 1254 4000; x_wconf 79' lang='lat' dir='ltr'>taut</span> <span class='ocrx_word' id='word_1_301' title='bbox 1277 3963 1363 4002; x_wconf 84' lang='lat' dir='ltr'>comes</span> 
     </span>
     <span class='ocr_line' id='line_1_38' title="bbox 184 4027 1363 4097; baseline -0.001 -15"><span class='ocrx_word' id='word_1_302' title='bbox 184 4027 307 4096; x_wconf 79' lang='lat' dir='ltr'>obsequii</span> <span class='ocrx_word' id='word_1_303' title='bbox 325 4031 384 4083; x_wconf 83' lang='lat' dir='ltr'>eius</span> <span class='ocrx_word' id='word_1_304' title='bbox 402 4035 469 4095; x_wconf 83' lang='lat' dir='ltr'>erat,</span> <span class='ocrx_word' id='word_1_305' title='bbox 488 4030 523 4083; x_wconf 88' lang='lat' dir='ltr'>ob</span> <span class='ocrx_word' id='word_1_306' title='bbox 542 4029 676 4097; x_wconf 84' lang='lat' dir='ltr'>episcopis</span> <span class='ocrx_word' id='word_1_307' title='bbox 689 4027 802 4084; x_wconf 80' lang='lat' dir='ltr'>Siciliae</span> <span class='ocrx_word' id='word_1_308' title='bbox 821 4031 920 4084; x_wconf 81' lang='lat' dir='ltr'>certior</span> <span class='ocrx_word' id='word_1_309' title='bbox 937 4029 1030 4094; x_wconf 80' lang='lat' dir='ltr'>factos</span> <span class='ocrx_word' id='word_1_310' title='bbox 1045 4028 1210 4082; x_wconf 77' lang='lat' dir='ltr'>haereticum</span> <span class='ocrx_word' id='word_1_311' title='bbox 1229 4043 1290 4081; x_wconf 80' lang='lat' dir='ltr'>eom</span> <span class='ocrx_word' id='word_1_312' title='bbox 1309 4043 1363 4082; x_wconf 85' lang='lat' dir='ltr'>esse</span> 
     </span>
     <span class='ocr_line' id='line_1_39' title="bbox 184 4107 1325 4178; baseline -0.001 -17"><span class='ocrx_word' id='word_1_313' title='bbox 184 4108 277 4176; x_wconf 78' lang='lat' dir='ltr'>ipsum</span> <span class='ocrx_word' id='word_1_314' title='bbox 297 4150 302 4162; x_wconf 99' lang='lat'>.</span> <span class='ocrx_word' id='word_1_315' title='bbox 324 4150 329 4161; x_wconf 95' lang='lat'>.</span> <span class='ocrx_word' id='word_1_316' title='bbox 351 4149 357 4162; x_wconf 92' lang='lat'>.</span> <span class='ocrx_word' id='word_1_317' title='bbox 377 4110 556 4163; x_wconf 76' lang='lat' dir='ltr'>trrecidaoit.“</span> <span class='ocrx_word' id='word_1_318' title='bbox 664 4111 691 4178; x_wconf 84' lang='grc'>6)</span> <span class='ocrx_word' id='word_1_319' title='bbox 710 4107 836 4177; x_wconf 84' lang='lat' dir='ltr'>Theoph.</span> <span class='ocrx_word' id='word_1_320' title='bbox 857 4114 918 4174; x_wconf 79' lang='grc'><strong>363,</strong></span> <span class='ocrx_word' id='word_1_321' title='bbox 930 4113 958 4176; x_wconf 81' lang='grc'>3;</span> <span class='ocrx_word' id='word_1_322' title='bbox 979 4108 1076 4162; x_wconf 80' lang='lat' dir='ltr'>Zonar.</span> <span class='ocrx_word' id='word_1_323' title='bbox 1096 4107 1114 4162; x_wconf 94' lang='lat' dir='ltr'>l.</span> <span class='ocrx_word' id='word_1_324' title='bbox 1130 4125 1152 4164; x_wconf 91' lang='lat' dir='ltr'>c.</span> <span class='ocrx_word' id='word_1_325' title='bbox 1167 4125 1195 4176; x_wconf 92' lang='lat' dir='ltr'>p.</span> <span class='ocrx_word' id='word_1_326' title='bbox 1212 4113 1325 4174; x_wconf 77' lang='grc'><strong>31616.</strong></span> 
     </span>
    </p>

    <p class='ocr_par' dir='ltr' id='par_1_10' title="bbox 276 4187 1069 4258">
     <span class='ocr_line' id='line_1_40' title="bbox 276 4187 1069 4258; baseline 0 -17"><span class='ocrx_word' id='word_1_327' title='bbox 276 4191 303 4257; x_wconf 89' lang='grc'>6)</span> <span class='ocrx_word' id='word_1_328' title='bbox 321 4188 446 4258; x_wconf 80' lang='lat' dir='ltr'>Theoph.</span> <span class='ocrx_word' id='word_1_329' title='bbox 466 4207 494 4257; x_wconf 90' lang='grc'>6.</span> <span class='ocrx_word' id='word_1_330' title='bbox 510 4193 571 4257; x_wconf 87' lang='grc'><strong>361,</strong></span> <span class='ocrx_word' id='word_1_331' title='bbox 582 4193 698 4258; x_wconf 56' lang='grc'><strong>386666</strong></span> <span class='ocrx_word' id='word_1_332' title='bbox 718 4187 833 4243; x_wconf 79' lang='grc'><strong>(166166.</strong></span> <span class='ocrx_word' id='word_1_333' title='bbox 853 4207 879 4258; x_wconf 89' lang='lat' dir='ltr'>p.</span> <span class='ocrx_word' id='word_1_334' title='bbox 897 4194 956 4255; x_wconf 80' lang='grc'><strong>163,</strong></span> <span class='ocrx_word' id='word_1_335' title='bbox 969 4195 1069 4257; x_wconf 80' lang='grc'><strong>13666.</strong></span> 
     </span>
    </p>

    <p class='ocr_par' dir='ltr' id='par_1_11' title="bbox 276 4268 693 4339">
     <span class='ocr_line' id='line_1_41' title="bbox 276 4268 693 4339; baseline 0.007 -19"><span class='ocrx_word' id='word_1_336' title='bbox 276 4271 303 4338; x_wconf 82' lang='lat' dir='ltr'>t)</span> <span class='ocrx_word' id='word_1_337' title='bbox 322 4268 382 4322; x_wconf 89' lang='lat' dir='ltr'>Lib.</span> <span class='ocrx_word' id='word_1_338' title='bbox 402 4269 503 4338; x_wconf 85' lang='lat' dir='ltr'>pontif.</span> <span class='ocrx_word' id='word_1_339' title='bbox 523 4269 535 4320; x_wconf 93' lang='grc'><strong>1</strong></span> <span class='ocrx_word' id='word_1_340' title='bbox 554 4288 581 4339; x_wconf 91' lang='lat' dir='ltr'>p.</span> <span class='ocrx_word' id='word_1_341' title='bbox 598 4274 658 4337; x_wconf 90' lang='lat'>188,</span> <span class='ocrx_word' id='word_1_342' title='bbox 669 4275 693 4323; x_wconf 83' lang='lat'>8.</span> 
     </span>
    </p>

    <p class='ocr_par' dir='ltr' id='par_1_12' title="bbox 188 4347 1362 4498">
     <span class='ocr_line' id='line_1_42' title="bbox 276 4347 1362 4420; baseline 0 -18"><span class='ocrx_word' id='word_1_343' title='bbox 276 4351 302 4417; x_wconf 87' lang='lat'>8)</span> <span class='ocrx_word' id='word_1_344' title='bbox 322 4348 407 4418; x_wconf 83' lang='lat' dir='ltr'>Pagi</span> <span class='ocrx_word' id='word_1_345' title='bbox 426 4348 462 4401; x_wconf 85' lang='lat' dir='ltr'>ad</span> <span class='ocrx_word' id='word_1_346' title='bbox 482 4365 546 4403; x_wconf 83' lang='grc'><strong>666.</strong></span> <span class='ocrx_word' id='word_1_347' title='bbox 562 4354 623 4415; x_wconf 84' lang='grc'><strong>668,</strong></span> <span class='ocrx_word' id='word_1_348' title='bbox 633 4351 677 4404; x_wconf 87' lang='lat'>111.</span> <span class='ocrx_word' id='word_1_349' title='bbox 717 4347 756 4404; x_wconf 86' lang='lat' dir='ltr'>cf.</span> <span class='ocrx_word' id='word_1_350' title='bbox 772 4347 902 4416; x_wconf 84' lang='lat' dir='ltr'>Ranlre,</span> <span class='ocrx_word' id='word_1_351' title='bbox 925 4348 1097 4420; x_wconf 82' lang='lat' dir='ltr'>Weltgesch.</span> <span class='ocrx_word' id='word_1_352' title='bbox 1119 4353 1187 4401; x_wconf 86' lang='grc'><strong>1384</strong></span> <span class='ocrx_word' id='word_1_353' title='bbox 1202 4348 1251 4401; x_wconf 89' lang='lat' dir='ltr'>Vl</span> <span class='ocrx_word' id='word_1_354' title='bbox 1272 4367 1298 4418; x_wconf 92' lang='lat' dir='ltr'>p.</span> <span class='ocrx_word' id='word_1_355' title='bbox 1312 4354 1362 4402; x_wconf 88' lang='grc'>163</span> 
     </span>
     <span class='ocr_line' id='line_1_43' title="bbox 188 4427 805 4498; baseline 0.005 -19"><span class='ocrx_word' id='word_1_356' title='bbox 188 4427 251 4480; x_wconf 80' lang='grc'><strong>666.</strong></span> <span class='ocrx_word' id='word_1_357' title='bbox 272 4433 296 4480; x_wconf 80' lang='lat' dir='ltr'>t.</span> <span class='ocrx_word' id='word_1_358' title='bbox 406 4431 432 4498; x_wconf 88' lang='grc'>9)</span> <span class='ocrx_word' id='word_1_359' title='bbox 452 4427 566 4483; x_wconf 86' lang='lat' dir='ltr'>Cedren.</span> <span class='ocrx_word' id='word_1_360' title='bbox 587 4447 613 4498; x_wconf 92' lang='lat' dir='ltr'>p.</span> <span class='ocrx_word' id='word_1_361' title='bbox 631 4435 805 4496; x_wconf 73' lang='lat' dir='ltr'>⁷63,23sqq.</span> 
     </span>
    </p>
   </div>
   <div class='ocr_carea' id='block_1_4' title="bbox 0 0 1666 5098">
    <p class='ocr_par' dir='ltr' id='par_1_13' title="bbox 0 0 1666 5098">
     <span class='ocr_line' id='line_1_44' title="bbox 0 0 1666 5098; baseline 0 0"><span class='ocrx_word' id='word_1_362' title='bbox 0 0 1666 5098; x_wconf 95' lang='lat' dir='ltr'> </span> 
     </span>
    </p>
   </div>
  </div>
 </body>
</html>
