3304 5098
723 353 943 416 „44-

246 542 389 612 cesserat,
426 541 498 594 tunc
529 533 649 613 quidem
679 552 802 614 prorsus
838 533 893 594 sub
923 536 1082 613 imperium
1113 535 1241 596 Arabum
1272 535 1424 598 subiuneti

245 640 322 692 sunt.
369 630 542 692 Tlxeodoms
566 649 728 711 omnesque
748 634 899 711 principes
924 634 1023 694 statim
1043 632 1157 694 Habibo
1177 653 1209 694 se
1229 633 1422 696 subiecerunt

244 733 401 808 omniaque
421 731 565 808 lecemnt,
585 749 660 809 quae
675 729 768 790 Arabs
787 729 954 810 postulavit,
974 750 1041 792 cum
1062 731 1148 792 aliter
1167 731 1225 792 sibi
1242 733 1421 812 supplicium

243 837 323 889 esset
346 827 519 888 timendum.

332 925 461 986 Graecos
485 926 535 986 illo
558 933 692 1005 tempore
717 945 785 986 cum
808 927 951 1005 Agarenis
974 928 1006 986 in
1024 926 1164 988 Armenia
1187 931 1365 1008 pugnavisse
1389 933 1421 990 in

241 1023 366 1102 proclivi
391 1032 436 1084 est
460 1026 606 1084 conicere.
653 1024 748 1103 Atque
773 1025 874 1103 copiae
899 1022 1028 1085 Graecae
1052 1023 1205 1086 Mauriano
1230 1026 1304 1088 duce
1328 1028 1420 1089 hosti·

241 1123 297 1184 bus
326 1125 496 1202 superiores
525 1123 617 1183 luisse
645 1121 798 1200 videntur,
829 1141 897 1182 cum
925 1125 1084 1183 maximam
1111 1132 1227 1202 partem
1253 1126 1419 1206 Armeniae,

240 1221 318 1281 unde
344 1239 420 1281 anno
444 1220 633 1286 antecedenti
658 1219 774 1299 expulsi
798 1227 890 1298 erant,
915 1223 1181 1299 recuperavissent
1229 1221 1303 1283 Nam
1323 1223 1419 1284 Sebeo

240 1328 316 1380 teste
345 1318 450 1380 Graeci
481 1319 536 1379 sub
565 1319 624 1380 line
653 1321 722 1379 anni
751 1313 817 1380 654
844 1318 969 1397 Arabes,
998 1321 1107 1398 quippe
1137 1321 1189 1398 qui
1218 1321 1328 1399 lrigore
1352 1339 1417 1399 gra·

239 1420 316 1478 viter
339 1418 436 1478 allecti
461 1425 574 1495 essent,
604 1425 685 1478 trans
709 1417 836 1476 Araxem
863 1416 974 1478 flumen
1005 1419 1185 1478 reiecerunt.
1232 1417 1417 1498 Quamquam

239 1534 298 1575 non
323 1515 418 1576 solum
442 1517 662 1594 opportunitate
685 1517 733 1575 usi
753 1514 916 1574 Saracenos
940 1514 1077 1594 repulsos
1101 1518 1211 1576 aeriter
1234 1535 1294 1577 non
1315 1536 1417 1597 perse·

238 1616 299 1674 cuti
330 1622 412 1692 sunt,
444 1613 496 1674 sed
527 1621 640 1672 tantum
669 1613 725 1673 boc
754 1621 893 1691 egerunt,
923 1619 958 1672 ut
980 1612 1120 1692 praedam
1145 1633 1233 1692 quam
1257 1617 1416 1676 maximam

238 1711 377 1772 lacerent
411 1711 569 1790 Postquam
584 1697 738 1771 cast'ellum
753 1709 916 1770 Dubiomm
933 1709 1130 1790 diripuerunt,
1145 1711 1321 1773 Nahhcavan
1337 1713 1416 1773 obsi·

238 1808 324 1869 dione
349 1810 528 1872 clauserunt.
576 1808 634 1869 Sed
658 1808 752 1868 Habib
777 1808 876 1869 subito
900 1807 1029 1868 Graecos
1057 1808 1228 1870 obsidentes
1252 1828 1321 1871 vere
1345 1814 1417 1871 anni

237 1902 301 1968 655
325 1909 473 1986 oppressit
498 1915 527 1966 et
546 1909 638 1968 victos
658 1907 777 1985 fugavit.
819 1906 989 1967 Maurianus
1010 1906 1076 1985 dux,
1097 1927 1185 1986 quem
1204 1907 1414 1988 Habibusque

236 2004 272 2065 ad
291 2005 415 2066 Caucasi
438 2012 554 2066 montes
578 2013 753 2083 persecutus
773 2012 827 2083 cst,
851 2007 882 2065 in
902 2005 977 2065 sines
995 2004 1115 2066 lbemm
1135 2000 1276 2090 effugit¹)
1324 2005 1412 2067 Grae·

236 2121 338 2164 corum
363 2106 496 2164 exercitu
521 2103 635 2163 devicto
658 2103 770 2164 Arabes
795 2122 827 2164 se
851 2102 888 2162 ad
909 2102 1168 2182 Theodosiopolim
1193 2112 1415 2184 converterunt,

235 2204 320 2261 cuius
344 2201 525 2280 praesidium
550 2199 695 2261 Graecum
722 2200 857 2261 hostibus
885 2208 986 2280 portas
1010 2202 1158 2280 patefecit.
1206 2201 1290 2262 Tunc
1313 2210 1412 2262 autem

166 2336 171 2344 ·
234 2299 374 2366 Saraceni
404 2299 586 2377 Armeniam,
617 2317 705 2378 quam
736 2301 845 2360 itemm
876 2307 1129 2380 expugnaverant,
1160 2302 1244 2380 quasi
1274 2299 1413 2360 hostilem

233 2416 336 2476 agrum
364 2404 578 2475 tractavemnt,
607 2416 674 2458 cum
703 2405 793 2457 totam
822 2399 1004 2476 provinciam
1035 2405 1064 2458 et
1088 2397 1222 2459 Siuniam
1245 2397 1412 2458 Albaniam·

234 2515 291 2574 quc
316 2495 485 2575 depopulati
505 2495 619 2556 nobiles
638 2496 795 2555 Armenios
814 2513 977 2574 eommque
999 2504 1139 2574 cognatos
1159 2498 1190 2555 in
1210 2497 1410 2575 captivitatem

233 2593 422 2654 abducerent.
465 2594 498 2653 ln
518 2595 700 2674 captivorum
721 2612 845 2654 numero
865 2595 955 2653 etiam
974 2593 1147 2654 Theodorus
1166 2594 1231 2672 luit,
1256 2596 1306 2672 qui
1326 2593 1410 2654 brevi

231 2699 299 2770 post
321 2692 457 2752 Damasei
482 2692 560 2752 diem
585 2709 756 2771 supremum
781 2685 892 2775 obiit.²)

321 2789 395 2852 Cum
423 2789 518 2849 Habib
546 2797 626 2850 tanta
650 2787 825 2850 cmdelitate
853 2791 1070 2868 iniquitateque
1097 2792 1128 2850 in
1156 2790 1312 2850 Armenios
1335 2808 1409 2850 usus

232 2897 323 2967 esset,
356 2907 415 2948 non
444 2890 554 2948 mirum
583 2895 641 2964 est,
675 2889 700 2946 si
728 2887 760 2946 hi
784 2887 943 2966 cupiebant
967 2887 1041 2948 duro
1069 2890 1209 2967 gravique
1239 2891 1307 2967 iugo
1336 2889 1409 2966 Aga·

231 3004 371 3048 renerum
404 2985 534 3046 liberari.
584 2985 686 3064 ltaque
718 2983 754 3045 ab
788 2987 831 3045 eis
865 2984 1039 3047 defecerunt
1071 2994 1100 3046 et
1133 3005 1238 3047 misus
1267 2987 1408 3046 Constan-

229 3086 292 3143 tino
312 3103 343 3144 se
364 3084 565 3145 subiecerunt.
607 3082 665 3153 Oui
683 3083 853 3162 llamazasp,
877 3085 1044 3162 prinoipem
1063 3083 1316 3163 Mamieoniorum,
1337 3102 1408 3162 gen·

229 3185 268 3241 tis
291 3181 457 3261 Armeniae,
481 3183 625 3261 praeierit
648 3183 817 3260 provinciae
842 3189 1034 3260 recuperatae
1063 3189 1093 3241 et
1117 3181 1258 3260 dignitate
1283 3200 1407 3261 europa·

229 3280 303 3340 latae
327 3289 463 3340 ornatum
492 3282 608 3360 magnis
636 3278 812 3340 muneribus
837 3277 962 3339 donavit.
1008 3278 1088 3338 Alios
1113 3297 1230 3358 quoque
1254 3281 1405 3358 principes

228 3377 392 3438 honoribus
416 3379 514 3438 alleeit
537 3377 742 3458 militibusque
765 3379 908 3457 pecunias
933 3376 1009 3437 dono
1034 3376 1123 3437 dedit.

317 3476 417 3554 ltaque
442 3478 609 3536 invenimus
634 3477 839 3536 auctoritatem
860 3474 1040 3536 Graecorum
1064 3493 1141 3534 anno
1166 3471 1231 3536 655
1253 3477 1283 3534 in
1304 3475 1405 3534 Arme-

227 3576 276 3634 nia
299 3576 467 3634 restitutam
493 3593 567 3653 esse,
591 3593 650 3634 non
675 3573 795 3653 quidem
818 3581 985 3652 propterea,
1009 3571 1088 3652 quod
1110 3571 1216 3632 Graeci
1241 3574 1331 3632 armis
1356 3590 1404 3632 su·

226 3675 361 3750 periores
392 3671 519 3732 luissent
549 3681 599 3732 aut
629 3673 784 3732 Armenios
817 3671 883 3732 illos
914 3689 1014 3731 amore
1045 3669 1173 3749 amplexi
1204 3677 1317 3748 essent,
1351 3668 1404 3730 sed

226 3769 430 3831 tantummodo
453 3777 619 3848 propterea,
644 3769 722 3848 quod
742 3770 874 3829 Armenii
897 3777 968 3830 tunc
991 3767 1112 3847 quidem
1133 3769 1293 3846 imperium
1314 3766 1403 3827 Grae·

227 3887 294 3928 cum
319 3868 443 3928 duamm
468 3885 569 3928 remm
592 3867 737 3928 malarum
756 3869 902 3927 minorem
926 3885 992 3927 esse
1013 3868 1069 3926 rati
1089 3874 1165 3926 sunt
1214 3864 1280 3924 Sola
1300 3883 1404 3926 neees-

318 4068 340 4136 1)
361 4065 545 4134 Theophanes
569 4081 718 4134 perperam
741 4082 785 4118 res
808 4068 901 4135 gestes
929 4064 978 4118 uni
1003 4063 1148 4131 eidemque
1177 4079 1250 4117 enno
1275 4062 1312 4116 Μ.
1333 4069 1402 4116 6145

225 4147 360 4216 assignat,
380 4163 443 4199 cum
462 4145 571 4200 scribit:
596 4149 633 4216 τῷ
653 4141 678 4200 d’
700 4146 775 4217 αὐτῷ
795 4146 849 4201 ἔτει
862 4143 979 4216 Ἆβιβος,
998 4142 1012 4197 ὁ
1031 4152 1087 4199 τῶν
1103 4142 1225 4216 Αράβων
1241 4141 1401 4214 στρατηγός,

223 4226 274 4296 τὴν
288 4223 430 4295 Ἀρμενίαν
451 4225 646 4293 ἐπεστράτευσε
666 4225 714 4279 καὶ
733 4226 888 4296 περιτυχὼν
906 4221 1087 4300 Μανριανόν,
1111 4223 1161 4278 τὸν
1185 4232 1241 4279 τῶν
1257 4219 1402 4292 Ῥωμαίων

224 4305 391 4376 στρατηγόν,
415 4309 584 4360 καταδιώκει
607 4306 694 4361 αὐτὸν
719 4305 769 4368 ἕως
791 4315 846 4360 τῶν
865 4301 1035 4359 Καυκασίων
1058 4302 1145 4372 ὀρέων
1169 4304 1217 4358 καὶ
1236 4303 1287 4373 τὴν
1306 4305 1401 4374 χώραν

191 4407 194 4414 “
224 4386 358 4456 explecto.

313 4473 339 4537 2)
359 4466 398 4522 cf.
420 4467 662 4522 Hiibschmanu
681 4485 708 4536 p.
724 4473 757 4522 42
777 4467 841 4522 adn.
863 4473 885 4520 1.
902 4471 925 4518 b.
