3304 5098
773 321 994 384 -18-.

288 505 380 584 polim
403 513 538 566 vocatum
563 504 718 583 suppliciis
743 503 818 564 datis
838 503 957 564 exulare
980 506 1116 564 iusserat.
1158 503 1368 565 Constantinus
1388 525 1471 566 nunc

292 603 456 664 secundum
480 604 573 682 patris
597 602 778 663 voluntatem
803 601 838 661 ah
858 601 946 662 exilio
965 601 1164 680 patriarcham
1184 602 1471 682 Constantinopolim

290 703 450 779 revocavit,
490 708 524 761 ut
560 700 629 760 inde
667 700 873 760 Alexandriam
911 702 1122 760 remitteretur.
1131 695 1155 783 1)
1212 701 1336 762 Butler
1360 704 1470 762 conicit

288 801 499 878 imperatorem
524 798 598 877 Cyro
622 797 808 858 mandavisse
833 805 917 857 antea
938 797 1222 877 Constantinopolim
1246 802 1356 878 venire,
1381 808 1414 860 ut
1433 801 1472 861 de·

289 897 379 958 rebus
398 898 593 976 Aegyptiacis,
616 916 690 975 quas
713 896 762 956 ille
784 898 1007 956 accuratissime
1031 898 1169 974 novisset,
1194 917 1261 958 cum
1285 897 1334 958 illo
1360 898 1471 958 delibe-

292 1004 380 1056 raret.
427 995 620 1055 Constantino
645 1002 786 1072 regnante
812 993 933 1053 Graecis
958 1003 1072 1054 certum
1098 993 1351 1074 deliberatumque
1376 997 1472 1056 luisse·

289 1094 420 1172 videtur,
453 1093 564 1154 bellum
593 1100 695 1152 contra
720 1091 829 1152 Arabes
858 1093 888 1150 in
912 1092 1042 1170 Aegypto
1071 1093 1233 1170 gerendum
1263 1096 1372 1154 acriter
1400 1113 1469 1154 con·

289 1194 414 1252 tinuare.
465 1191 573 1252 loanne
598 1192 677 1250 enim
708 1197 827 1249 auctore
852 1189 1063 1250 Constantinus
1091 1209 1181 1250 naves
1205 1193 1305 1251 ornari
1328 1193 1416 1252 iussit
1439 1200 1469 1252 et

288 1308 409 1367 magnas
449 1291 549 1367 copias
586 1290 731 1348 exercitui
763 1288 905 1366 Aegyptio
942 1288 1050 1348 auxilio
1087 1291 1212 1349 missum
1250 1291 1286 1348 iri
1319 1289 1473 1368 pollicitus

289 1381 376 1469 esti)
431 1384 544 1445 Horum
582 1384 774 1444 consiliorum
807 1384 886 1444 haud
918 1388 979 1446 scio
1013 1405 1050 1446 an
1083 1387 1263 1466 Philagrius,
1299 1388 1472 1466 praelectus

289 1485 409 1562 aerarii,
439 1491 541 1544 auctor
564 1484 666 1560 tuerit,
691 1485 743 1560 qui
769 1481 847 1561 apud
871 1485 1081 1562 imperatorem
1105 1485 1266 1564 plurimum
1290 1485 1388 1546 valuit.
1436 1486 1468 1544 Si

288 1589 360 1643 tunc
389 1599 459 1642 cura
483 1583 514 1640 in
538 1599 628 1640 novos
654 1579 725 1639 belli
749 1587 906 1658 apparatus
929 1581 1152 1660 intendebatur,
1181 1601 1302 1660 magnas
1326 1587 1471 1662 pecunias

289 1699 363 1760 opus
394 1681 486 1740 luisse
516 1685 645 1757 apparet.
693 1677 766 1738 Cum
795 1680 860 1738 siue
890 1679 978 1739 dubio
1006 1679 1092 1739 hellis
1122 1683 1152 1738 in
1178 1680 1260 1759 Syria
1285 1689 1314 1741 et
1337 1683 1472 1761 Aegypto·

288 1781 380 1857 gestis
408 1779 556 1838 aerarium
584 1779 656 1836 satis
680 1777 856 1837 exhaustum
885 1785 976 1855 esset,
1005 1780 1103 1837 omnia
1132 1787 1217 1838 erant
1246 1779 1406 1858 molienda,
1434 1789 1468 1840 ut

287 1879 431 1956 pecuniae
460 1877 646 1936 necessariae
675 1875 860 1934 afferrentur.
908 1873 970 1943 Qua
995 1891 1026 1934 re
1050 1875 1218 1953 Philagrius
1242 1877 1470 1938 Constantinum

289 1977 446 2034 certiorem
476 1975 545 2033 lecit
573 1990 694 2050 magnas
722 1974 864 2050 pecunias
888 1971 1023 2032 Heraclio
1052 1974 1117 2031 vivo
1142 1992 1157 2032 a
1181 1974 1273 2051 Pyrro
1301 1977 1470 2052 patriarcha

288 2075 319 2132 in
343 2091 430 2133 usum
455 2071 597 2130 Martinae
622 2077 777 2147 congestas
801 2087 876 2147 esse,
900 2088 946 2148 ne,
972 2072 997 2129 si
1021 2069 1138 2148 quando
1163 2089 1178 2129 a
1201 2071 1392 2132 Constantino
1418 2073 1471 2133 de·

288 2170 457 2250 pelleretur,
473 2168 509 2228 ad
523 2177 686 2228 extremam
701 2169 830 2246 inopiam
844 2166 1067 2245 perduceretur.
1101 2168 1220 2246 Pyrrus
1241 2173 1292 2247 qui
1307 2173 1471 2231 arcessitus

287 2276 363 2328 teste
378 2267 526 2344 Philagrio
546 2274 576 2326 et
595 2267 747 2324 convictus
764 2273 819 2342 est,
838 2267 980 2342 pecunias
1000 2264 1126 2325 reddere
1145 2268 1246 2326 iussus
1266 2275 1319 2346 est,
1340 2272 1396 2328 etsi
1415 2288 1470 2328 no-

288 2360 380 2448 luit.³)
427 2364 538 2424 Deinde
558 2363 632 2423 nihil
647 2365 706 2422 nisi
721 2362 925 2422 dilticultatem
940 2366 1136 2424 nummariam
1152 2367 1360 2442 imperatorem
1376 2367 1471 2428 addu-

288 2467 369 2524 xisse
389 2465 534 2540 existimo,
558 2469 592 2522 ut
615 2479 754 2520 coronam
778 2479 907 2538 auream,
932 2480 988 2539 qua
1009 2463 1073 2539 ipse
1094 2462 1164 2522 olim
1185 2471 1342 2523 coronatus
1362 2473 1391 2524 et
1410 2484 1470 2543 qua

289 2570 411 2622 ornatus
431 2570 515 2640 pater
530 2559 663 2638 sepultus
679 2565 750 2635 erat,
771 2577 805 2618 ex
821 2559 958 2636 sepulcro
973 2560 1074 2618 allerri
1094 2567 1123 2619 et
1142 2563 1293 2620 aestimari
1312 2557 1466 2646 tuber-eta)

377 2659 553 2737 Philagrius,
582 2676 649 2717 cum
674 2659 704 2715 in
728 2655 829 2716 odium
852 2656 995 2716 Martinae
1024 2659 1163 2735 venisset,
1194 2660 1301 2737 timuit,
1330 2679 1367 2720 ne
1393 2660 1470 2720 Con··

289 2761 418 2818 stantino
443 2764 567 2834 mortuo,
592 2757 618 2814 si
636 2754 816 2815 Heraclonas
841 2757 964 2832 eiusque
988 2763 1084 2814 mater
1107 2775 1253 2816 summam
1272 2759 1391 2835 imperii
1410 2759 1470 2818 sibi

290 2859 474 2934 ascivissent,
494 2853 529 2914 ab
550 2856 593 2914 eis
613 2853 723 2932 aliquid
742 2851 812 2912 mali
832 2847 1021 2935 acciperet.⁵)
1064 2852 1101 2911 Et
1121 2855 1189 2931 quia
1208 2855 1375 2931 periculum
1395 2864 1468 2934 erat,

287 2974 325 3014 ne
350 2947 452 3014 liberis
484 2952 677 3028 Constantini,
701 2950 837 3011 Heraclio
860 2950 947 3028 vulgo
972 2950 1161 3010 Constanti
1185 2944 1294 3035 diacoi)
1320 2961 1349 3012 ct
1373 2953 1470 3014 'lhco-

289 3053 379 3130 dosio,
404 3051 439 3111 ah
463 3050 627 3110 Heraclona
650 3049 842 3128 Martinaque,
871 3055 1028 3127 postquam
1051 3050 1210 3127 imperium
1235 3053 1471 3130 occupavissent,

287 3149 413 3210 insidiae
437 3156 622 3228 pararentur,
646 3147 812 3224 Philagrius
832 3149 1005 3225 imperatori
1025 3149 1125 3224 suasit,
1149 3155 1183 3207 ut
1202 3150 1301 3224 copias
1321 3148 1379 3207 sihi
1398 3168 1466 3209 con-

289 3248 413 3326 ciliaret,
438 3265 512 3326 quae
537 3249 601 3306 eius
626 3245 702 3305 filios
726 3253 883 3304 tuerentur
902 3252 932 3304 et
950 3243 1152 3323 prohiberent,
1176 3263 1213 3304 ne
1233 3245 1269 3304 ab
1289 3244 1468 3306 adversariis

288 3347 385 3424 aliqua
410 3347 518 3405 iniuria
548 3345 739 3404 allicerentur
762 3351 792 3403 et
815 3361 849 3402 ex
873 3344 999 3420 imperio
1029 3344 1206 3403 eicerentur.
1253 3342 1314 3402 Hoc
1344 3343 1467 3404 oonsilio

288 3447 406 3523 gavisus
430 3443 641 3503 Constantinus
665 3441 851 3500 Valentinum
875 3442 1046 3518 patricium,
1077 3443 1129 3518 qui
1153 3441 1208 3500 luit
1230 3440 1370 3519 Philagrii
1395 3443 1466 3520 hyp-

288 3544 428 3621 aspistes,
457 3543 602 3600 exercitui
629 3533 818 3622 pracfecitl),
846 3557 1027 3617 magnasque
1052 3541 1080 3598 ei
1108 3557 1123 3598 a
1147 3538 1296 3616 Philagrio
1324 3543 1470 3618 pecunias

378 3716 403 3782 1)
423 3713 541 3766 Ioannes
560 3711 621 3764 Nic.
641 3729 667 3780 p.
688 3717 747 3764 564.
785 3709 906 3764 Butler
924 3729 951 3779 p.
972 3715 1022 3762 302
1043 3710 1107 3763 adn.
1129 3718 1152 3763 2.

379 3796 405 3864 2)
424 3794 543 3847 Ioannes
562 3791 624 3845 Nic.
644 3810 671 3860 p.
692 3797 752 3844 565.

378 3876 406 3943 3)
424 3873 543 3941 Niceph.
563 3891 590 3941 p.
611 3877 769 3938 28,11sqq.

377 3956 403 4023 4)
422 3953 492 4007 ibid.
512 3971 540 4021 p.
556 3957 599 4018 29,
616 3957 648 4004 10
660 3969 720 4020 sqq.
763 3950 1139 4020 Cedren.1p.voa‚esqq.
1178 3951 1242 4019 Leo,
1268 3952 1310 4004 ed.
1330 3952 1417 4006 Bonn.
1439 3971 1470 4021 p.

289 4039 448 4102 156,4sqq.

379 4116 404 4184 5)
423 4113 541 4182 Niceph.
560 4131 588 4182 p.
609 4118 651 4174 28,
667 4119 701 4166 24
709 4129 769 4180 sqq.

378 4197 404 4264 6)
424 4193 561 4248 Constans
582 4193 627 4246 die
648 4199 661 4246 7
682 4192 751 4247 Nov.
778 4192 844 4247 anni
864 4198 916 4246 630
939 4195 1023 4246 natus
1043 4195 1086 4246 est
1105 4195 1133 4246 ot
1151 4191 1312 4260 baptizatus
1333 4207 1349 4244 a
1369 4189 1468 4260 Sergio

287 4275 451 4346 patriarcha
474 4271 787 4342 Constantinopolitano
810 4273 840 4326 in
864 4273 1027 4327 Blachernis
1050 4272 1095 4326 die
1120 4278 1135 4324 3
1154 4272 1223 4328 Nov.
1249 4271 1315 4324 anni
1339 4277 1403 4338 6313
1430 4269 1469 4322 of.

287 4355 411 4424 Theoph.
432 4373 459 4424 p.
480 4359 541 4420 336,
556 4361 640 4422 2sqq.

378 4439 403 4507 7)
424 4434 527 4489 Sebeos
546 4435 564 4488 l.
585 4453 607 4488 c.
627 4454 654 4504 p.
677 4440 735 4488 103.
