3304 5098
691 327 911 390 ..83-

213 508 388 574 difficultate
412 510 578 570 nummaria
602 509 700 570 luerit.
746 508 904 569 Praeterea
927 508 1055 588 plurima
1078 516 1271 569 monumenta
1294 515 1394 588 aenea,

213 626 289 686 quae
312 607 382 668 olim
406 606 511 667 urbem
534 614 666 668 veterem
691 606 903 667 deauraverant
926 613 955 666 et
976 608 1057 667 inter
1076 609 1178 667 ruinas
1196 606 1280 667 urbis
1299 626 1394 686 usque

213 703 250 768 ad
269 705 343 772 illud
362 713 480 784 tempus
496 711 622 765 aetatem
637 704 767 765 tulerant
773 697 809 788 l),
828 705 858 763 vi
872 703 1010 782 abripuit.
1042 704 1153 766 luctor
1166 706 1243 765 vitae
1257 705 1396 766 Vitaliani

212 811 315 866 narrat
332 805 440 880 omnia,
460 821 535 882 quae
555 801 767 863 Constantinus
786 820 822 862 ex
841 801 934 862 Roma
953 801 1068 882 direpta
1088 821 1189 863 secum
1208 805 1395 882 portavisset,

212 903 244 961 in
266 903 397 982 „regiam
421 897 547 961 urbem“
570 919 635 962 esse
659 902 764 981 missa;
787 918 843 960 uec
867 901 929 966 scio
953 918 990 960 an
1012 902 1113 979 „regia
1136 897 1229 960 urbe“
1251 919 1311 961 non
1334 909 1394 961 tam

213 999 249 1060 ad
273 997 558 1077 Constantinopolim
582 1005 704 1076 spectet,
726 1005 760 1058 ut
783 996 892 1057 Paulus
917 991 1032 1081 dixiti),
1057 1016 1144 1076 quam
1168 997 1204 1058 ad
1224 998 1394 1077 Syracusas

213 1115 319 1160 novam
343 1095 445 1157 sedem
468 1097 597 1175 imperii,
620 1097 798 1174 praesertim
822 1113 889 1155 cum
914 1113 950 1154 ex
973 1097 1032 1155 vita
1051 1094 1193 1156 hdeodati
1216 1115 1318 1175 papae,
1342 1099 1394 1176 qui

212 1194 391 1256 Vitalianum
410 1195 534 1273 excepit,
557 1193 631 1254 haec
654 1193 745 1253 verba
766 1187 1009 1277 exhibeantur3):
1025 1196 1218 1270 postmodam
1240 1199 1394 1255 venientes

215 1294 368 1354 Saraceni
388 1293 527 1353 Siciliam
550 1294 749 1352 obtinuerant
772 1339 778 1350 .
799 1336 832 1352 ..
857 1298 887 1351 et
902 1293 1028 1366 praeda
1046 1295 1143 1352 nimia
1166 1295 1214 1352 ael
1236 1311 1317 1369 aere,
1341 1297 1395 1369 qai

212 1393 323 1451 ibidem
351 1408 371 1450 a
399 1394 523 1450 atattate
546 1390 688 1450 Romana
716 1393 895 1464 aaataatam
919 1388 1039 1464 suerat,
1071 1407 1173 1449 secam
1202 1392 1395 1451 abstollentes

213 1489 439 1549 Alexandriam
462 1492 580 1548 reversa·
600 1485 698 1547 santi

301 1585 355 1644 llie
389 1584 535 1644 dominica
568 1585 731 1664 imperator
764 1591 793 1644 et
824 1601 900 1662 papa
932 1585 1059 1644 invicem
1092 1584 1150 1644 sibi
1180 1584 1393 1659 valedixerunt,

212 1691 370 1763 postquam
394 1681 605 1743 Constantinus
629 1684 738 1742 missae
762 1701 850 1761 quam
872 1700 948 1760 papa
972 1681 1132 1742 celebravit
1153 1683 1298 1744 interfuit.
1339 1683 1393 1744 llie

215 1779 254 1842 17
275 1781 344 1842 Iulii
366 1783 479 1842 mensis
504 1779 715 1841 Constantinus
738 1779 849 1858 praeda
873 1786 1011 1858 onustus,
1039 1787 1190 1859 tamquam
1214 1783 1240 1840 si
1262 1780 1393 1842 hostium

212 1879 320 1940 urbem
353 1879 538 1958 diripuisset,
576 1897 644 1938 cum
677 1879 770 1956 copiis
804 1879 866 1938 suis
898 1876 990 1938 Roma
1021 1872 1206 1962 profectost)
1239 1877 1393 1958 Neapolim

214 1977 316 2056 rediit,
347 1976 427 2037 unde
461 1979 568 2037 itinere
596 1977 734 2036 terrestri
760 1975 906 2054 Rhegium
935 1993 967 2035 se
996 1975 1128 2036 contulit.
1180 1976 1290 2037 Auctor
1316 1979 1393 2038 vitae

213 2075 349 2135 Vitaliaui
377 2093 445 2135 eum
470 2077 596 2154 septima
618 2066 813 2157 indictionel)
839 2072 971 2133 Siciliam
994 2075 1151 2134 intravisse
1175 2075 1275 2136 refert
1318 2074 1393 2136 Con·

214 2174 362 2233 stantinus
391 2191 459 2233 cum
483 2173 639 2251 Syracusis
666 2189 771 2232 novam
795 2172 916 2250 imperii
935 2170 1041 2232 'sedem
1065 2175 1279 2252 constituisset,
1304 2175 1393 2234 etiam

212 2289 337 2331 uxorem
366 2279 396 2331 et
423 2269 500 2330 filios
528 2277 590 2330 tres
615 2269 858 2355 Constantinum,
887 2268 1068 2348 heraclium,
1097 2265 1283 2355 Tiberiani)
1308 2271 1393 2351 Syra-

214 2387 301 2429 cusas
319 2370 422 2428 venire
441 2368 542 2430 voluit.
580 2367 899 2446 Constantinopolitani
917 2385 996 2445 vero,
1016 2386 1051 2428 ex
1071 2367 1179 2447 quibus
1198 2368 1393 2448 Theophanes

214 2458 256 2547 (p.
277 2460 351 2544 351,
375 2460 433 2550 27)
458 2468 606 2545 imprimis
629 2464 776 2525 Andream
800 2465 1015 2526 cubicularium
1038 2473 1068 2526 et
1091 2465 1280 2528 Theodomm
1303 2469 1393 2545 patri-

214 2566 294 2624 cium
330 2565 475 2642 nominat,
512 2582 572 2624 non
608 2565 810 2642 permiserunt
845 2562 912 2623 illos
945 2565 977 2623 iu
1010 2562 1140 2624 Siciliam
1173 2566 1394 2644 transmigrare,

215 2663 284 2740 quia
321 2663 365 2722 eis
401 2661 566 2722 timendum
603 2669 679 2740 erat,
716 2679 754 2721 ne
787 2660 873 2721 sedes
905 2662 1025 2739 imperii
1056 2663 1088 2721 in
1121 2679 1207 2722 omne
1240 2669 1394 2740 postemm

213 2769 332 2839 tempus
366 2759 401 2820 ad
434 2758 619 2819 occidentem
653 2759 833 2837 deferretur,
871 2760 897 2818 si
930 2760 1019 2818 etiam
1051 2758 1178 2819 heredes
1211 2761 1330 2838 imperii
1362 2761 1393 2818 in

215 2857 347 2918 Siciliam
384 2859 543 2918 venissent.
607 2857 649 2916 Ex
687 2856 746 2917 Bar
772 2856 907 2916 Hebraeo
945 2855 1023 2916 clare
1056 2857 1153 2917 elucet
1183 2859 1394 2936 imperatorem

212 2964 316 3034 postea
344 2955 467 3016 consilio
496 2973 549 3015 suo
579 2953 727 3015 destitisse
757 2956 878 3033 suisque
903 2954 1155 3034 Constantinopoli
1179 2973 1300 3016 manere
1324 2975 1394 3016 eon·

215 3047 383 3137 cessisset)

306 3235 332 3302 1)
351 3232 392 3286 De
412 3235 488 3286 statu
507 3233 614 3286 Romae
632 3232 710 3286 illius
729 3233 832 3286 aetatis
856 3231 891 3287 ef.
912 3233 1127 3304 descriptionem
1147 3237 1294 3288 venustam
1314 3234 1394 3288 Gre-

214 3313 349 3381 gorovii
367 3313 385 3365 l.
406 3329 428 3366 c.
448 3312 473 3366 II
492 3331 520 3382 p.
536 3318 655 3382 ltbsqq.

304 3394 331 3462 2)
350 3392 455 3446 Paulus
474 3393 625 3456 Diaconos,
645 3392 694 3460 qui
707 3391 793 3448 verba
812 3392 866 3446 huc
886 3394 1046 3462 spectantia
1064 3410 1098 3448 ex
1117 3394 1175 3448 vita
1190 3394 1328 3449 Vitaliani
1348 3411 1394 3448 er-

214 3473 328 3542 scripsit
351 3473 379 3542 (l.
404 3490 427 3528 e.
446 3491 473 3542 p.
491 3479 550 3540 150,
565 3476 605 3543 3),
630 3475 775 3542 putavisse
801 3472 912 3526 videtur
938 3490 967 3527 se
990 3473 1074 3527 verba
1100 3475 1195 3544 „regia
1218 3475 1306 3529 urbe“
1330 3492 1394 3528 cum

215 3551 525 3622 ‚,Constantinopolim“
543 3557 653 3607 mutere
671 3570 762 3623 posse.

305 3635 331 3703 3)
350 3633 411 3686 Lib.
430 3633 531 3702 pontif.
550 3634 563 3685 Ι
580 3652 608 3703 p.
629 3638 802 3702 190‚11sqq.

303 3715 331 3784 4)
351 3713 407 3768 Bar
423 3713 568 3768 Hebraeus
587 3713 606 3768 1.
625 3731 648 3766 c.
663 3732 690 3782 p.
708 3719 758 3767 112
773 3714 870 3782 prodit
888 3714 1087 3783 imperatorem
1105 3715 1212 3770 Itomae
1231 3718 1395 3770 cunctatum

216 3810 277 3848 esse
290 3793 440 3863 proficisci,
455 3811 511 3861 qua
524 3811 554 3848 re
564 3793 789 3862 indignationem
800 3795 924 3848 militum
939 3795 1134 3850 commovisset
1148 3795 1198 3862 ita,
1213 3797 1246 3848 ut
1255 3795 1394 3849 dicerent:

217 3890 333 3944 „parum
348 3874 496 3928 convenire
509 3874 682 3943 imperatori,
697 3877 730 3928 ut
743 3875 851 3928 Itomae
866 3877 1093 3943 commoraretur,
1112 3875 1180 3943 quia
1193 3875 1260 3928 urbs
1275 3875 1311 3928 ab
1325 3877 1394 3929 Are-

215 3953 298 4007 bibus
322 3953 461 4008 abesset.“
508 3954 573 4007 Alia
600 3954 764 4007 testimonia
791 3971 854 4008 eum
883 3954 984 4022 desint,
1009 3955 1160 4009 diiudicari
1187 3956 1298 4022 nequit,
1326 3973 1394 4009 num

216 4033 282 4088 huic
300 4033 452 4088 memoriae
471 4035 539 4089 fides
559 4035 703 4090 debeatur.

305 4117 331 4184 c)
352 4121 366 4168 1
388 4113 463 4183 Sept.
485 4120 606 4170 eea-ar
627 4116 699 4185 Aug.
721 4120 780 4170 aar.

306 4196 332 4264 6)
350 4193 435 4265 Pagi
453 4194 501 4264 (ad
521 4211 583 4249 eun.
605 4200 665 4262 659,
680 4197 716 4265 11)
740 4195 822 4250 nixus
842 4195 1012 4264 quibusdam
1034 4195 1126 4249 verbis
1151 4197 1278 4250 actorum
1296 4198 1392 4250 sextas

215 4273 316 4342 synodi
334 4274 459 4328 ostendit
476 4273 638 4329 Heraclium
662 4277 690 4329 et
708 4273 853 4329 Tiberium
876 4293 950 4330 enno
970 4281 1021 4329 ote
1045 4275 1230 4346 imperatores
1248 4293 1394 4347 nuncupa·

218 4357 263 4408 tos
282 4371 351 4409 esse.

288 4436 314 4503 ’1)
333 4435 389 4488 Ber
408 4434 552 4490 Hebraeus
570 4435 588 4489 1.
610 4453 632 4490 e.
652 4455 679 4505 p.
696 4443 754 4490 112.

1181 4527 1215 4579 68
