3304 5098
653 377 874 441 „81-

173 560 309 622 sualdum
333 559 369 620 ad
393 559 574 620 deditionem
593 557 740 620 adducere
759 558 855 638 vellet,
878 558 978 619 verbis
996 559 1085 620 huius
1103 561 1169 638 viri,
1193 561 1245 639 qui
1263 557 1352 620 fldem

173 678 257 720 suam
291 661 386 738 capite
420 657 520 737 solvit,
552 657 776 718 Beneventanos
803 657 903 736 potius
932 655 968 717 ad
991 657 1192 718 resistendum
1215 659 1352 718 incitatos

174 776 240 818 csse
265 756 422 818 intellexit.
459 755 498 816 Et
521 756 589 834 quia
607 773 667 815 non
685 753 839 834 ignorabat
857 754 969 816 incolas
988 757 1086 816 omnia
1102 755 1258 817 molituros
1277 773 1353 835 esse,

172 863 207 916 ut
233 854 375 934 oppidum
403 852 586 932 obtinerent,
610 852 704 913 donec
733 851 875 913 auxilium
897 855 1078 932 promissum
1101 853 1261 932 adveniret,
1284 871 1352 933 pac·

171 955 283 1014 tionem
311 971 380 1013 cum
406 950 569 1011 llomualdo
597 952 678 1028 iniit,
711 969 780 1030 qua,
814 952 841 1010 si
868 949 956 1011 verba
983 950 1067 1011 Pauli
1095 959 1176 1012 recte
1203 951 1352 1030 intellego,

172 1050 374 1111 Beneventani
409 1051 614 1128 promiserunt
650 1067 683 1108 se
715 1045 843 1108 Graecos
876 1046 1028 1128 Neapolim
1065 1047 1240 1111 recedentes
1271 1048 1353 1109 nulla

173 1148 338 1209 calamitate
375 1147 534 1208 effecturos
567 1165 642 1207 esse.
697 1147 793 1224 Atque
826 1145 1037 1207 Constantinus
1070 1145 1182 1226 Gisam,
1219 1164 1353 1207 sororem

172 1244 336 1324 Romualdi,
361 1244 494 1306 obsidem
514 1245 637 1323 accepit,
655 1250 690 1304 ut
707 1241 893 1322 Langobardi
911 1262 953 1322 ea,
973 1262 1047 1323 quae
1067 1245 1226 1305 constituta
1244 1252 1353 1324 essent,

171 1336 397 1426 praestarent¹)
925 1338 928 1342 ’

262 1441 286 1500 Α
313 1441 532 1502 Beneventanis
564 1439 685 1519 quidem
714 1437 820 1500 Gracci
846 1437 1000 1518 Neapolim
1030 1441 1089 1500 iter
1121 1439 1263 1500 iacientes
1295 1441 1353 1500 tuti

174 1547 271 1621 erant;
295 1538 349 1599 sed
371 1557 387 1598 a
406 1537 514 1617 blitola,
538 1537 676 1617 Capuano
700 1539 815 1615 comite,
839 1539 975 1616 oppressi
997 1539 1154 1598 maximam
1174 1537 1287 1599 cladem
1306 1557 1353 1599 ac·

174 1645 326 1716 ceperunt.
372 1635 481 1696 Paulus
504 1642 605 1696 narrat
631 1635 728 1695 locum
750 1634 858 1714 proelii
881 1637 969 1695 etiam
992 1654 1046 1697 sua
1068 1643 1162 1697 aetate
1184 1633 1354 1716 „Pugnam“

175 1753 240 1796 csse
275 1734 405 1795 dictum.¹
443 1733 507 1804 Quo
536 1732 657 1812 quidem
686 1740 806 1793 auctore
832 1732 979 1811 proelium
1007 1733 1044 1793 ad
1071 1732 1205 1794 Calorem
1232 1733 1353 1812 llumen,

173 1832 252 1913 quod
280 1850 340 1893 non
368 1832 454 1910 longe
483 1851 499 1893 a
526 1831 697 1892 benevento
725 1829 803 1909 lluit,
832 1838 878 1891 cst
905 1833 1105 1892 commissum.
1151 1831 1227 1892 Eum
1254 1841 1352 1893 autem

173 1932 319 1992 erravisse
334 1938 364 1991 ct
374 1929 508 1992 Calorem
522 1930 646 1990 tluvium
660 1946 818 2008 perperam
832 1947 900 1988 cnm
911 1927 1017 1989 Sabato
1032 1929 1201 1990 confudisse
1212 1929 1352 1990 Camillus

171 2029 353 2107 Peregrinus
376 2021 570 2110 contendit.²)

261 2126 421 2204 Postquam
436 2124 621 2204 Langobardi
635 2124 860 2185 Constantinum
880 2131 941 2184 tam
959 2124 1150 2186 vehementer
1167 2133 1352 2204 presserunt,

171 2226 334 2302 imperator
361 2223 485 2282 lorsitan
513 2224 585 2283 satis
613 2222 762 2301 habuerit,
795 2241 863 2282 cum
887 2220 1039 2301 Neapolim
1062 2224 1201 2303 intraret,
1229 2225 1260 2284 in
1288 2233 1352 2285 tuto

173 2339 247 2383 esse.
299 2320 358 2381 Sed
390 2339 474 2400 spem
501 2323 597 2400 ipsam
625 2339 685 2380 non
715 2319 823 2382 deiecit
850 2339 882 2380 se
909 2320 1011 2382 hostes
1039 2328 1248 2400 superaturum
1276 2340 1351 2383 esse.

172 2419 296 2499 Neapoli
322 2437 415 2480 novae
444 2419 545 2498 copiae
573 2425 692 2498 paratae
721 2437 786 2479 esse
810 2417 962 2500 videntur3
990 2437 1058 2480 nam
1081 2419 1190 2481 Paulus
1217 2414 1350 2503 narratl)

172 2515 302 2578 nobilem
326 2515 482 2596 quendam,
507 2509 703 2599 Saburrum4)
727 2519 857 2595 nomine,
881 2515 917 2576 ab
941 2518 1119 2596 imperatore
1143 2520 1247 2597 viginti
1269 2518 1351 2578 milia

172 2614 301 2675 militum
333 2614 391 2674 sibi
423 2616 613 2694 expetivisse,
646 2613 755 2694 quibus
789 2633 820 2675 se
848 2613 1073 2676 beneventanos
1104 2618 1252 2677 victurum
1285 2635 1351 2676 esse

171 2714 347 2792 promisisse
377 2713 493 2774 dicitur.
545 2711 619 2773 Cum
648 2711 811 2791 Grimoald,
844 2715 896 2792 qui
922 2713 1042 2774 interim
1071 2712 1272 2774 beneventum
1301 2713 1350 2774 ad·

172 2819 308 2889 venerat,
337 2809 466 2871 Graecos
494 2809 636 2871 accedere
664 2812 776 2871 certior
798 2810 894 2871 lactus
918 2818 1010 2889 esset,
1037 2810 1233 2872 Romualdum
1257 2811 1350 2872 lilium

173 2927 241 2970 cum
268 2917 353 2988 parte
382 2910 534 2988 copiarum
563 2907 851 2988 Langobardicarum
880 2917 983 2970 eontra
1011 2907 1174 2969 Saburram
1201 2909 1351 2988 proticisci

172 3008 275 3068 iussit·
296 3005 341 3066 Ad
354 3005 496 3067 Foxinum
514 3015 641 3086 uterquc
661 3007 811 3067 exercitus
831 3010 995 3089 concurrit,
1015 3015 1102 3088 atque
1120 3008 1231 3068 iterum
1246 3005 1350 3068 Graeci

172 3105 346 3182 gravissima
369 3103 451 3164 clade
475 3104 574 3165 allecti
597 3112 675 3165 sunt
711 3103 820 3165 Paulus
844 3107 974 3184 exponit,
996 3103 1142 3185 quomodo
1166 3104 1350 3184 Langobardi

171 3203 326 3263 victoriam
340 3201 399 3263 sibi
411 3203 592 3281 pepererint,
607 3201 696 3263 talem
709 3201 837 3263 labnlam
846 3201 975 3282 lepidam
988 3221 1122 3264 narrans.
1153 3202 1227 3263 Cum
1240 3202 1350 3263 milites

171 3300 329 3378 utriusque
354 3301 504 3360 exercitus
522 3317 628 3361 manus
647 3301 878 3379 conseruissent,
900 3318 979 3361 unus
998 3319 1014 3361 e
1033 3299 1241 3379 Langobardis,
1264 3301 1350 3360 Ama·

172 3396 278 3476 longus
300 3391 466 3482 nantuel),
490 3399 542 3477 qui
564 3398 678 3458 hastam
701 3399 782 3476 regis
805 3397 885 3458 lerre
909 3396 1029 3477 solebat,
1053 3396 1198 3459 Graecum
1221 3397 1350 3478 aliquem

171 3494 256 3555 hasta
279 3495 476 3556 omstossum
501 3514 536 3556 ex
560 3513 636 3575 equo
660 3495 782 3556 sustulit
804 3503 834 3555 et
857 3513 947 3575 supra
971 3503 1059 3576 caput
1080 3497 1113 3556 in
1132 3502 1200 3557 aere
1218 3495 1350 3575 penden-

172 3601 233 3652 tem
256 3595 392 3672 portavit
438 3591 523 3663 Quod
547 3613 616 3654 cum
640 3592 745 3653 Gracci
768 3592 912 3671 viderent,
937 3611 1052 3654 summo
1076 3601 1190 3654 terrore
1212 3596 1350 3673 percussi

267 3847 292 3914 1)
312 3842 417 3897 Paulus
436 3843 515 3898 Diae.
534 3842 552 3896 l.
574 3861 596 3898 e.
616 3861 643 3912 p.
660 3849 828 3912 148,8sqq.:
853 3844 1022 3913 „Statimque
1040 3845 1189 3912 imperator
1206 3847 1351 3900 menites

174 3925 317 3978 movilium
335 3941 397 3979 cum
415 3926 475 3978 suis
492 3925 568 3990 iniit,
586 3929 722 3992 quatenus
733 3941 796 3979 eum
811 3925 968 3979 Romuoldo
983 3926 1176 3994 pcuoccretor,
1194 3932 1227 3980 ut
1239 3925 1350 3994 Neapo-

173 4003 222 4056 lim
240 4005 329 4070 possit
350 4005 455 4058 revesti.
489 4005 660 4072 deceptaque
682 4004 775 4058 mode
794 4004 947 4059 Romuclda'
964 4021 1068 4072 sorore,
1093 4007 1140 4059 cui
1161 4021 1259 4059 nomen
1280 4005 1350 4060 (lisa

171 4083 238 4150 suit,
256 4100 317 4138 mem
335 4083 427 4138 codem
442 4101 538 4152 pacem
555 4085 648 4150 sccitN

263 4164 289 4232 2)
307 4162 412 4218 Paulus
430 4163 547 4218 Diacon.
566 4164 585 4218 l.
606 4181 628 4218 c.
647 4182 675 4234 p.
692 4164 863 4220 lassant.

262 4245 289 4310 3)
307 4242 378 4298 Ibid.
397 4261 424 4314 p.
446 4249 506 4310 tta,
521 4249 605 4312 4sqq.

260 4326 288 4392 4)
308 4322 474 4379 Sabcrium?

244 4406 289 4472 o)
308 4403 369 4458 Hoc
394 4421 508 4474 prorsus
531 4403 683 4459 Gothicum
706 4422 807 4460 nomen
832 4407 886 4470 ael,
910 4405 987 4460 unde
1005 4404 1158 4460 conicimus
1177 4405 1206 4459 in
1226 4406 1350 4460 exercitu

174 4482 424 4552 Langobardorum
443 4485 531 4538 etiam
550 4484 657 4539 Gothos
675 4485 853 4558 pugpavisse.

227 4581 435 4624 commentationes
449 4585 564 4624 leuamen.
591 4583 658 4635 vm,
673 4587 691 4624 1.
1083 4581 1098 4626 6
