3304 5098
763 337 985 402 „52-

287 517 453 578 clarissimo
492 512 710 602 dithcleticac¹)
756 518 920 597 doctrinae,
959 523 1104 580 convenit.
1155 521 1360 602 Disputatione
1399 539 1467 582 cum

286 615 337 676 illo
363 614 464 676 habita
489 615 600 694 Pyrrus
627 619 785 695 pristinam
814 616 902 678 fidem
927 616 1066 678 relellens
1089 617 1126 678 ad
1151 619 1352 680 ditheleticam
1376 611 1466 702 (quae

286 713 448 774 orthodoxa
478 708 601 798 dicitur)
631 733 663 776 se
692 708 878 799 convertit²)
930 715 967 775 Et
993 723 1028 775 ut
1055 734 1121 776 cam
1148 717 1300 796 probaret,
1333 716 1467 777 libellum

287 814 467 890 composuit,
495 831 554 891 quo
584 812 787 874 ditheleticum
812 812 917 891 dogma
940 813 1093 874 confessus
1116 832 1206 875 unam
1229 815 1412 876 voluntatem
1435 818 1467 874 in

288 907 405 969 Christo
439 911 537 970 inesse
571 912 698 988 negavit.
750 907 835 980 Quod
863 911 1006 989 scriptum
1034 919 1191 991 postquam
1219 913 1329 992 Pyrrus
1357 913 1467 974 Romae

286 1005 441 1066 Theodoro
472 1026 576 1086 papae,
612 1009 662 1086 qui
691 1006 830 1067 loannem
860 1006 907 1067 die
938 996 978 1066 12
1002 1007 1138 1069 Octobris
1165 1013 1278 1070 mensis
1306 1013 1376 1070 anni
1402 1007 1467 1071 642

287 1114 438 1166 mortuum
451 1112 570 1165 secutus
586 1112 658 1184 erat,
673 1103 788 1183 obtulit,
804 1123 905 1183 apapa
915 1107 1001 1166 venia
1011 1107 1168 1186 impetrata
1178 1127 1270 1188 aeque
1285 1116 1373 1187 atque
1389 1111 1467 1188 epis-

287 1221 380 1281 copus
400 1202 551 1262 Romanus
574 1203 737 1262 honoratus
761 1210 791 1262 et
815 1209 956 1266 tractatus
981 1211 1033 1263 est.
1041 1197 1066 1287 8)
1109 1204 1171 1265 Nec
1195 1208 1326 1285 suspicio
1346 1205 1467 1267 Graccis

288 1299 418 1377 defuisse
440 1300 557 1360 videtur
575 1300 702 1379 Pyrrum
721 1318 780 1360 non
800 1318 853 1361 sua
873 1309 986 1380 sponte,
1006 1301 1058 1362 sed
1078 1311 1212 1364 coactum
1232 1304 1314 1365 illum
1335 1303 1467 1365 libellum

287 1397 466 1458 orthodoxae
491 1398 560 1458 tidei
585 1400 788 1478 composuisse
813 1405 841 1458 et
864 1417 957 1478 papae
981 1399 1149 1480 tradidisse,
1167 1410 1200 1462 ut
1219 1421 1255 1462 ex
1273 1421 1466 1480 υεοηιηιενηο-

286 1500 408 1557 ratione
450 1513 567 1575 eorum,
609 1515 689 1572 quoe
730 1501 856 1556 ...in
899 1497 1069 1558 Martiarum
1103 1518 1221 1576 popam
1263 1509 1335 1561 octo
1374 1499 1469 1561 sunt“

287 1588 452 1676 appareti)
490 1594 600 1672 Pyrms
625 1602 723 1654 autem
747 1593 932 1654 simulavisse
956 1594 1075 1655 videtur
1098 1614 1130 1657 se
1154 1597 1243 1664 tidem
1267 1597 1468 1658 ditheleticam

287 1690 430 1773 probare3
464 1694 574 1752 etenim
608 1693 775 1752 invenimus
808 1710 877 1752 eum
909 1692 996 1770 paulo
1029 1702 1097 1772 post
1129 1695 1165 1755 ad
1192 1697 1349 1774 pristinam
1377 1695 1467 1756 fidem

287 1789 548 1850 monotheleticam
577 1789 711 1850 rediisse.
757 1788 842 1850 Haud
867 1792 927 1849 scio
953 1809 989 1850 an
1012 1793 1193 1871 patriarcha,
1222 1813 1289 1854 cum
1314 1812 1330 1854 a
1354 1793 1468 1853 civibus

289 1886 623 1966 constantinopolitanis
648 1887 788 1966 expulsus
812 1895 905 1965 esset,
934 1887 1014 1948 aliud
1038 1889 1109 1967 quid
1133 1891 1230 1950 lacere
1254 1910 1314 1951 non
1337 1892 1469 1970 potuerit

289 2004 378 2065 quam
398 2004 467 2046 cum
491 1985 668 2046 adversariis
693 1985 799 2062 lacere,
823 1988 849 2044 si
872 1999 961 2064 porro
985 1985 1096 2065 aliquid
1119 1987 1218 2049 valere
1242 1988 1338 2050 vellet.
1383 1988 1467 2050 'lunc

289 2083 409 2164 quidem
444 2076 477 2165 (i.
503 2101 527 2143 e.
552 2103 594 2144 ca.
619 2103 643 2143 a.
669 2077 749 2166 645)
779 2083 1096 2162 Constantinopolitani
1123 2088 1230 2146 animis
1258 2085 1468 2166 placationibus

288 2182 381 2242 luisse
395 2180 580 2260 videbantur,
596 2199 684 2260 quam
699 2180 758 2240 illis
773 2180 956 2260 temporibus
969 2181 1159 2244 tumultuosis
1170 2186 1304 2245 autumni
1313 2186 1384 2245 anni
1394 2181 1468 2264 641,

287 2287 322 2340 ut
343 2279 436 2358 Pyrro
464 2278 589 2340 facultas
612 2279 785 2358 Byzantium
814 2278 960 2339 redeundi
989 2278 1118 2341 daretur.
1163 2281 1341 2361 Priusquam
1370 2290 1468 2343 autem

289 2376 424 2456 partibus
457 2376 658 2437 Romanorum
692 2376 818 2437 desertis
852 2377 888 2436 ad
922 2375 1050 2438 Graecos
1082 2381 1213 2458 transiit,
1247 2399 1314 2440 cum
1346 2380 1468 2440 Platone

288 2477 428 2554 patricio,
462 2477 514 2554 qui
542 2483 613 2535 tunc
642 2476 787 2535 exarchus
814 2475 915 2535 ltaliae
943 2477 1113 2554 provinciae
1141 2485 1290 2556 praeerat,
1321 2495 1377 2556 per
1404 2479 1469 2538 eius

288 2572 415 2652 legatos,
448 2575 500 2652 qui
529 2572 653 2633 Romam
685 2580 844 2651 venerunt,
879 2575 975 2650 egisse
1007 2568 1171 2657 videtur5),
1205 2583 1234 2634 et
1262 2594 1329 2635 cum
1359 2577 1469 2636 certior

290 2672 384 2732 lactus
409 2679 488 2732 esset
512 2689 565 2730 suo
590 2670 699 2732 reditui
723 2669 797 2730 nihil
821 2669 952 2749 obstare,
980 2671 1149 2732 Ravennam
1174 2691 1205 2732 se
1230 2672 1366 2746 contulit,
1389 2672 1469 2734 unde

288 2778 447 2848 postquam
484 2767 520 2828 ad
559 2767 662 2847 dogma
699 2771 789 2829 unius
822 2767 980 2828 voluntatis
1015 2763 1135 2852 rediit⁶)
1169 2771 1201 2830 in
1234 2779 1323 2848 caput
1350 2772 1470 2850 imperii

290 2884 446 2945 regressus
486 2874 543 2944 est,
580 2865 633 2926 ubi
665 2869 789 2944 gratiam
823 2868 1011 2945 imperatoris
1045 2869 1212 2947 civiumque
1246 2871 1468 2947 recuperavisse

289 2963 415 3025 videtur.

380 3061 439 3122 Sed
471 3080 551 3122 nunc
582 3081 616 3122 eo
648 3061 817 3141 redeamus
850 3061 930 3122 unde
958 3061 1045 3122 modo
1074 3062 1201 3142 digressi
1229 3083 1340 3126 sumus.
1393 3064 1469 3125 Loco

290 3159 376 3238 Pyrri
394 3159 504 3220 Paulus
522 3160 691 3240 patriarcha
711 3160 1053 3238 Constantinopolitauus
1077 3169 1195 3222 creatus
1220 3169 1274 3240 est,
1298 3163 1350 3240 qui
1373 3161 1469 3222 eidem

290 3257 360 3317 fidei
384 3256 519 3318 addictus
544 3265 608 3318 erat
631 3265 719 3336 atque
743 3265 922 3318 antecessor.
964 3259 1177 3319 Auctoritatem
1200 3258 1289 3319 huius
1311 3260 1370 3318 viri
1393 3257 1470 3338 apud

289 3357 499 3433 imperatorem
532 3358 682 3431 iuvenem,
722 3357 967 3435 quotiescumque
1001 3355 1037 3416 de
1070 3355 1128 3416 fide
1161 3355 1315 3434 agebatur,
1352 3355 1488 3430 videtur

290 3455 417 3513 maxima
441 3453 542 3514 luisse.
590 3452 692 3532 Neque
717 3452 819 3513 dubito
843 3455 916 3532 quin
940 3455 1051 3532 omnia,
1080 3472 1155 3533 quae
1180 3473 1196 3514 a
1220 3453 1411 3515 Constantino
1430 3453 1470 3514 lll

291 3559 386 3611 aetate
414 3551 523 3630 puerili
551 3551 588 3612 ad
616 3569 664 3612 res
693 3550 912 3612 ecclesiasticas
939 3553 1119 3630 pertinentia
1148 3559 1286 3630 suscepta
1320 3558 1400 3632 sunt,
1434 3571 1470 3612 ex

382 3717 406 3784 1)
426 3714 503 3768 Haec
525 3714 616 3768 forma
638 3729 741 3784 graeca
764 3717 807 3767 est
831 3714 875 3783 (cf.
899 3713 1065 3768 Anastasius
1086 3713 1143 3766 Sin.
1165 3719 1232 3768 1181
1244 3716 1287 3784 A),
1312 3731 1368 3768 non
1388 3713 1470 3782 ‘dyo-

290 3792 465 3859 theleticao’,
484 3793 560 3861 quod
580 3792 657 3862 apud
675 3792 823 3863 theologos
842 3792 907 3863 legi.

381 3874 407 3942 2)
426 3872 589 3942 Disputatio
613 3889 709 3928 mense
727 3871 798 3926 lulio
822 3873 889 3926 anni
908 3879 959 3928 646
979 3891 1074 3929 coram
1093 3873 1228 3945 Gregorio
1257 3874 1376 3928 exarcho
1395 3874 1471 3928 Afri-

292 3969 341 4008 cae
360 3952 523 4022 provinciae
541 3952 641 4007 habita
661 3955 711 4006 cst.
748 3952 817 4007 Eius
836 3956 901 4007 octa
918 3953 1004 4023 plena
1023 3971 1068 4023 ap.
1088 3953 1198 4008 Mansi
1216 3954 1242 4007 X
1259 3972 1286 4023 p.
1304 3953 1354 4008 710
1365 3971 1425 4022 sqq.

382 4035 408 4102 3)
429 4031 697 4101 OlVitaTheodori,
707 4032 863 4101 lib.pontif.
874 4034 924 4102 Ip.
937 4039 1118 4101 179‚1tsqq.;
1129 4033 1254 4104 Theoph.
1265 4052 1292 4103 p.
1302 4039 1362 4101 331,
1370 4040 1402 4088 11
1410 4052 1470 4102 sqq.

381 4116 407 4183 4)
428 4113 539 4166 Mansi
557 4113 582 4165 X
601 4131 627 4182 p.
644 4119 704 4168 859.

380 4196 407 4263 ὁ)
427 4192 468 4246 of.
489 4191 795 4261 Commemorationem,
815 4193 925 4247 Mansi
943 4194 969 4247 X
987 4212 1014 4263 p.
1030 4199 1091 4248 859.

382 4275 408 4342 6)
428 4271 468 4326 cf.
489 4272 645 4328 orationem
669 4273 786 4328 Martini
809 4289 901 4343 papae
925 4289 1019 4328 coram
1043 4273 1161 4328 concilio
1183 4274 1367 4328 Lateranensi
1390 4275 1471 4328 habi-

291 4356 359 4420 tam,
378 4353 489 4407 Mansi
503 4353 528 4406 X
542 4373 569 4423 p.
586 4359 645 4410 877.
675 4353 715 4407 (if.
726 4353 786 4408 Lib.
801 4357 878 4424 pont.
893 4354 915 4421 Ι,
930 4353 998 4408 Vita
1008 4354 1148 4409 Theodori
1162 4372 1189 4422 p.
1206 4359 1266 4420 179,
1277 4359 1324 4421 20;
1345 4354 1469 4423 Theoph.

291 4451 318 4502 p.
339 4438 495 4501 331‚1osq.
