3304 5098
773 286 1059 372 -ao-‚

295 471 426 550 regionis
454 487 557 530 omnes
581 469 643 530 lere
667 467 758 529 urbes
783 470 863 548 cepit
887 477 916 530 et
938 462 1104 553 vastavit.²)
1141 469 1321 530 Acheruntia
1344 467 1475 548 quidem,

294 587 370 648 quae
398 575 503 628 natura
530 567 588 627 loci
616 568 688 628 satis
717 567 801 628 lirma
829 567 898 646 luit,
926 568 1090 646 expugnari
1118 585 1177 628 non
1200 569 1304 646 potuit.
1350 566 1474 627 Luceria

295 674 402 746 autem,
424 664 497 726 urbs
515 671 638 744 propter
657 663 774 742 divitias
793 663 949 742 celebrata,
971 672 1039 744 post
1057 665 1262 726 vehementem
1283 667 1474 744 oppugnatio·

293 781 361 824 nem
387 781 529 842 oppressa
557 770 587 823 et
614 762 676 822 solo
700 770 822 841 aequata
846 755 933 846 est.²)
980 761 1193 823 Constantinus
1215 771 1333 842 praeter
1356 776 1475 823 omnem

294 860 556 940 Langobardorum
585 861 754 940 opinionem
782 862 813 920 in
840 859 923 920 ltalia
950 859 1138 922 meridionali
1166 859 1321 922 advenisse
1344 860 1475 942 ridetur3

293 978 362 1020 nam
381 961 550 1020 invenimus
569 976 638 1019 eum
658 965 748 1019 totam
768 959 830 1020 lere
845 958 981 1038 Apuliam
1001 957 1082 1018 nullo
1102 960 1236 1020 exercitu
1251 957 1473 1038 Langobardico

293 1056 469 1136 probibente
494 1055 624 1136 diripere
648 1057 790 1135 potuisse.
1396 1135 1399 1143 Ι
1492 1065 1494 1068 ’

382 1154 453 1214 lnde
487 1153 698 1214 Constantinus
726 1152 930 1214 Beneventum
963 1172 1085 1215 cursum
1119 1153 1240 1230 direxit,
1273 1173 1332 1234 quo
1365 1154 1473 1234 oppido

292 1259 459 1332 expugnato
497 1269 568 1332 opes
601 1250 861 1329 Langobardorum
895 1254 926 1311 in
959 1252 1017 1312 illis
1049 1251 1150 1312 Italiae
1181 1251 1317 1330 partibus
1349 1270 1474 1332 prorsus

295 1350 404 1410 fractae
425 1368 491 1410 esse
509 1347 694 1409 videbantur.
733 1347 839 1409 Graeci
857 1349 989 1428 undique
1012 1349 1118 1410 urbem
1142 1348 1313 1410 clauserunt
1336 1359 1366 1410 et
1384 1351 1474 1410 variis

292 1449 448 1508 tormentis
466 1449 514 1507 usi
532 1446 726 1507 vehementer
745 1455 998 1526 oppugnaverunt.
1031 1446 1185 1526 Romuald,
1204 1449 1256 1527 qui
1269 1447 1473 1508 beneventum

292 1544 476 1624 defendebat,
501 1563 569 1606 cum
592 1544 727 1605 hostibus
748 1547 811 1605 acie
832 1544 985 1605 decertare
1005 1563 1065 1604 non
1085 1563 1174 1605 ausus
1194 1553 1248 1623 est,
1272 1547 1341 1624 quia
1359 1544 1472 1623 Lango-

290 1642 376 1703 bardi
398 1643 491 1704 multo
516 1641 636 1703 Graecis
660 1642 822 1704 inferiores
846 1653 939 1704 erant.
985 1643 1086 1722 ltaque
1111 1645 1282 1722 eruptiones
1306 1644 1472 1722 inopinatas

291 1741 435 1802 iacientes
454 1740 659 1802 obsidentibus
680 1742 856 1820 saepissime
876 1739 1057 1801 calamitates
1072 1734 1278 1825 intoleranti)
1312 1739 1351 1800 Ut
1364 1740 1472 1801 Paulus

290 1838 437 1900 Diaconos
457 1839 557 1918 reteri,
576 1836 721 1898 Romuald
740 1838 793 1898 ubi
806 1840 937 1917 primum
954 1837 990 1898 de
1006 1839 1194 1916 imperatoris
1209 1838 1336 1898 adventu
1351 1837 1471 1918 audivit,

291 1936 466 1998 Sesualdum
491 1955 604 2014 senem,
629 1955 721 2015 aquo
742 1935 884 1996 educatus
903 1943 974 2014 erat,
999 1935 1035 1995 ad
1054 1934 1255 1996 Grimoaldum
1273 1944 1396 2015 patrem,
1420 1937 1471 2015 qui

290 2042 373 2095 trans
401 2034 513 2094 Padum
545 2033 731 2112 versabatur,
763 2035 886 2094 miserat
918 2041 960 2112 et,
992 2041 1026 2094 ut
1058 2052 1146 2112 quam
1179 2033 1335 2095 celerrime
1363 2033 1470 2095 auxilio

291 2134 420 2212 veniret,
447 2134 599 2211 petiverat.
646 2131 710 2202 Quo
734 2131 833 2192 audito
858 2149 909 2191 rex
933 2133 1032 2191 statim
1056 2150 1124 2191 cum
1148 2133 1281 2192 exercitu
1305 2131 1470 2210 Langobar-

291 2229 397 2290 dorum
416 2229 619 2290 Beneventum
642 2223 827 2312 prolectus4)
849 2247 885 2289 ex
909 2230 1016 2289 itinere
1032 2227 1206 2289 Sesualdum
1226 2228 1262 2289 ad
1275 2227 1471 2290 Romualdum

291 2328 453 2406 praemisit,
477 2329 529 2406 qui
552 2329 631 2405 regis
655 2327 813 2389 adventum
837 2329 995 2388 nuntiaret.
1042 2325 1165 2388 Sesuald
1189 2335 1287 2387 autem
1311 2347 1327 2388 a
1350 2326 1470 2387 Graecis

292 2432 395 2504 captus
424 2427 596 2503 imperatori
624 2426 833 2504 interroganti,
860 2424 939 2485 unde
969 2427 1095 2502 veniret,
1124 2427 1241 2504 aperuit
1268 2424 1469 2486 Grimoaldum

292 2523 393 2602 regem
422 2541 490 2584 cum
519 2525 652 2583 exercitu
675 2522 892 2583 beneventanis
916 2521 1049 2584 subsidio
1072 2524 1182 2583 venire.
1230 2522 1303 2583 Cum
1327 2522 1469 2583 Constan-

289 2623 370 2681 tinus
394 2622 539 2680 exercitui
559 2619 818 2698 Langobardorum
842 2621 1089 2700 appropinquanti
1108 2623 1249 2681 resistere
1268 2639 1327 2681 non
1347 2620 1470 2680 auderet

291 2717 415 2779 consilio
447 2717 547 2778 habito
575 2717 759 2778 obsidionem
789 2719 937 2778 dimittere
967 2720 1128 2778 constituit.
1179 2719 1271 2779 Antea
1299 2725 1410 2796 autem,
1444 2719 1470 2778 si

289 2818 490 2877 narrationem
513 2815 596 2877 Pauli
619 2815 740 2876 Diaconi
768 2824 850 2876 recte
878 2817 918 2876 ita
946 2818 1189 2895 interpretamur,
1218 2819 1379 2895 imperator
1403 2815 1468 2876 dolo

289 2913 364 2974 urbe
387 2916 477 2993 potiri
501 2921 623 2974 conatus
647 2931 712 2974 esse
735 2914 860 2974 videtur.
898 2914 987 2974 Paulo
1012 2917 1091 2974 enim
1115 2922 1234 2974 auctore
1258 2913 1468 2974 Constantinus

289 3011 432 3072 Sesualdo
455 3013 614 3092 praecepit,
640 3019 674 3072 ut
696 3010 858 3072 Romualdo
882 3013 1034 3072 nuntiaret
1057 3011 1259 3072 Grimoaldum
1282 3013 1384 3072 venire
1408 3029 1468 3070 non

288 3127 386 3188 posse.
433 3109 485 3170 Sin
508 3128 578 3170 vero
604 3109 639 3170 de
664 3110 730 3170 eius
754 3109 881 3170 adventu
905 3109 1016 3188 aliquid
1041 3109 1162 3189 diceret,
1186 3129 1254 3170 eum
1278 3109 1467 3169 interfectum

289 3209 336 3267 iri.
384 3206 439 3267 Hic
468 3215 566 3268 autem
596 3227 663 3268 cum
692 3207 728 3267 ad
755 3209 872 3267 moenia
900 3207 1001 3286 oppidi
1024 3206 1168 3268 adductus
1192 3215 1284 3286 esset,
1312 3209 1467 3267 veritatem

288 3305 443 3384 professus
477 3304 545 3366 duci
572 3305 742 3365 inclamavit
767 3313 883 3384 patrem
906 3305 1121 3366 beneventanis
1144 3305 1252 3365 auxilio
1276 3304 1467 3365 accedentem

288 3411 374 3464 nocte
393 3405 553 3482 praeterita
572 3405 630 3464 iam
649 3403 685 3463 ad
705 3402 850 3481 Sangrum
869 3403 981 3464 flumen
1000 3422 1068 3464 cum
1087 3421 1193 3481 magno
1213 3405 1346 3464 exercitu
1365 3404 1467 3464 luisse.

288 3499 362 3561 Cum
387 3499 610 3580 Constantinus,
638 3509 671 3561 ut
698 3501 866 3579 videbatur,
896 3500 962 3561 dolo
989 3509 1077 3561 utens
1101 3500 1308 3580 Langobardos
1336 3519 1391 3580 per
1415 3501 1466 3561 Se·

378 3753 403 3822 1)
423 3751 506 3805 Pauli
524 3751 651 3806 Historia
675 3752 799 3822 Langob.
823 3751 842 3806 l.
867 3769 890 3806 o.
914 3756 1070 3821 p.147‚10.

377 3833 404 3903 2)
422 3832 492 3887 Ibid.
602 3835 628 3903 3)
648 3832 753 3887 Paulus
771 3831 850 3886 Diae.
869 3829 887 3884 l.
908 3849 930 3886 e.
951 3850 978 3901 p.
996 3837 1149 3901 148‚1sqq.

377 3914 403 3983 4)
424 3911 496 3978 Quia
518 3911 676 3983 provincias
698 3912 812 3979 Italiae,
841 3928 914 3980 quae
938 3912 975 3966 ad
992 3911 1139 3966 meridiem
1158 3911 1230 3966 sitae
1250 3915 1327 3975 sunt,
1351 3929 1465 3981 prorsus

287 3992 379 4046 nudes
399 3992 487 4061 copiis
501 3992 723 4063 Langobar-dicis
742 3992 829 4047 fuisse
844 3991 966 4045 vidimus
986 3993 1015 4046 et
1033 4009 1107 4045 nune
1127 3991 1256 4046 audimus
1272 3991 1465 4046 Grimoaldum

286 4087 382 4142 regem
406 4090 469 4126 eum
493 4073 617 4127 exercitu
639 4075 717 4126 trans
736 4072 846 4126 Padum
869 4071 968 4138 luisse,
993 4088 1056 4125 oum
1076 4070 1275 4126 Constantinus
1299 4071 1329 4124 in
1351 4072 1464 4126 Italiam

288 4152 441 4220 adveniret,
461 4153 569 4208 conicio
588 4153 789 4224 Langobardos
809 4153 1014 4222 exspectavisse
1033 4153 1232 4223 imperatorem
1252 4153 1288 4206 ad
1302 4151 1463 4206 Ravennam

287 4249 372 4286 naves
391 4233 577 4302 appulsorum
592 4249 660 4288 esse.
693 4232 759 4287 Illos
775 4232 887 4287 omnino
907 4231 1085 4287 Constantini
1101 4232 1281 4287 consiliorum
1294 4233 1395 4287 Italiae
1410 4231 1465 4286 sibi

287 4311 470 4367 subiciendae
493 4313 596 4368 inscios
621 4313 708 4368 fuisse
732 4313 808 4366 haud
831 4313 873 4367 ita
893 4312 1027 4368 credibile
1046 4312 1117 4366 mihi
1134 4313 1253 4381 videtur,
1278 4313 1345 4381 qnia
1364 4311 1465 4366 Graeci

245 4419 246 4424 κ
285 4393 395 4446 tantam
414 4393 624 4461 expeditionem
643 4393 714 4447 elam
736 4409 904 4464 praeparare
922 4411 978 4447 non
997 4396 1158 4462 potuerunt.
