3304 5098
767 333 988 396 -12-

290 512 539 601 στρατευομένῳ
573 511 728 595 λεγάτον,
760 514 945 595 νομίσματα
973 514 1062 595 τρία,
1096 507 1180 597 ὑπὲρ
1208 515 1469 577 Κωνσταντίνου

291 610 438 694 ἀδελφοῦ
462 610 566 674 αὐτοῦ
591 606 728 694 (6163,
754 609 795 674 18
820 607 899 697 sqq).

378 711 432 772 His
457 711 492 772 de
512 711 644 772 lontibus
667 712 783 789 graecis
806 711 929 788 prolatis
952 729 1032 772 nunc
1054 711 1129 772 mihi
1154 712 1189 772 de
1209 711 1316 772 Sebei
1334 712 1468 773 Armenii

290 819 320 870 et
337 811 483 870 loannis
503 808 622 887 Niciu,
643 810 776 888 episcopi
794 811 930 888 Aegyptii
951 809 1045 888 libris,
1068 809 1166 888 quoad
1190 810 1227 870 ad
1247 818 1373 871 aetatem
1393 809 1467 871 Con·

290 910 412 968 stantini
436 908 476 968 lll
498 909 690 986 imperatoris
714 915 858 986 spectant,
882 907 1028 986 agendum
1053 910 1118 968 erit.

380 1005 528 1083 Sebeos,
552 1007 710 1084 episcopus
724 1004 883 1065 Armenius
903 1008 934 1065 in
955 1013 1086 1066 extrema
1105 1013 1189 1084 parte
1208 1005 1278 1066 libri
1295 1009 1347 1084 qui
1361 1009 1468 1066 inscri-

289 1103 370 1164 bitur
388 1103 537 1183 „Historia
555 1096 736 1186 Heraclii“²)
762 1111 792 1163 et
813 1121 909 1182 usque
934 1103 969 1163 ed
989 1122 1099 1164 annum
1123 1101 1189 1164 660
1211 1123 1239 1183 p.
1260 1104 1328 1164 CHr.
1348 1123 1376 1164 n.
1399 1123 1467 1183 pro·

291 1203 397 1263 ductus
433 1209 478 1262 est
512 1200 670 1260 nonnullos
701 1219 793 1260 annos
827 1201 947 1280 imperii
982 1200 1168 1261 Constantini
1195 1201 1234 1261 lll
1270 1202 1467 1280 amplectitur.

290 1299 363 1360 Cum
394 1301 523 1378 scriptor
550 1300 709 1377 praecipue
738 1316 771 1357 ea
800 1316 874 1376 quae
903 1300 1022 1359 ineius
1050 1302 1145 1378 patria
1169 1299 1339 1360 acciderant
1362 1309 1468 1361 tractet

290 1405 320 1458 et
352 1405 486 1476 tempore
519 1415 621 1457 earum
654 1414 756 1456 rerum
785 1414 858 1474 quas
891 1399 922 1455 in
949 1396 1063 1456 ultimis
1092 1397 1238 1476 capitibus
1270 1397 1339 1457 libri
1367 1407 1469 1458 narrat

289 1498 353 1574 ipse
377 1489 531 1579 vixerit2),
559 1503 593 1554 ut
620 1513 656 1554 ex
680 1496 744 1554 eius
767 1493 866 1554 verbis
892 1495 972 1572 „hoc
1000 1494 1166 1555 audivimus
1190 1514 1226 1555 ex
1250 1497 1374 1574 captivis
1397 1496 1468 1556 Ara·

289 1593 378 1672 hicis,
412 1597 464 1672 qui
496 1601 679 1672 spectatores
712 1599 742 1652 et
764 1598 857 1652 testes
881 1591 971 1653 rebus
995 1594 1197 1653 interfuerunt
1226 1593 1352 1654 ethaeo
1382 1593 1468 1654 nobis

289 1689 504 1753 narraverunt‘
536 1691 645 1770 elucet,
680 1699 760 1752 certe
795 1693 859 1752 eius
887 1694 1030 1752 memoria
1063 1691 1150 1751 nobis
1180 1693 1355 1770 gravissima
1385 1693 1467 1752 nullo

289 1790 375 1850 modo
400 1789 518 1868 neglegi
541 1797 651 1868 potest,
680 1789 828 1868 siquidem
853 1790 888 1850 de
912 1789 1002 1850 rebus
1027 1808 1100 1868 quas
1124 1789 1335 1850 Constantinus
1359 1792 1390 1849 in
1413 1790 1467 1849 Ar·

289 1891 387 1948 menia
420 1889 513 1966 gessit
545 1886 656 1965 aliquid
688 1887 824 1966 prolerre
856 1887 1001 1948 volumus.
1047 1887 1205 1947 Praeterea
1236 1887 1347 1948 Sebeos
1378 1890 1467 1948 etiam

290 1987 325 2046 de
355 1985 476 2046 Graccis
509 1992 539 2045 et
568 1985 702 2045 Arabicis
730 1985 821 2045 rebus
853 1985 923 2044 solis
953 1985 1043 2071 verba
1074 1986 1152 2044 lacit.
1207 1985 1265 2045 Sed
1293 1986 1366 2046 baec
1395 2005 1467 2065 quo·

289 2087 368 2144 niam
393 2091 496 2144 auctor
514 2083 591 2143 lama
611 2093 641 2143 et
659 2083 761 2144 auditu
780 2068 895 2142 tantum
915 2085 1037 2161 accepit,
1062 2085 1120 2142 nisi
1140 2085 1306 2144 cautissimi
1325 2083 1466 2144 adhibere

289 2201 349 2242 non
372 2200 539 2261 possumus.
586 2181 660 2241 Nam
684 2180 763 2241 haud
786 2199 854 2240 raro
879 2199 946 2240 cum
969 2183 1112 2241 memoria
1137 2180 1261 2241 aliorum
1286 2185 1466 2260 scriptorum
1571 2253 1576 2259 ¹

291 2280 473 2359 discrepant,
506 2279 614 2358 quibus
641 2279 709 2358 plus
738 2281 922 2338 auctoritatis
950 2278 1142 2340 tribuendum
1171 2288 1216 2339 est
1244 2299 1332 2358 quam
1362 2279 1466 2340 Sebeo.

289 2379 351 2438 Hoc
375 2380 513 2438 convenit
537 2380 568 2437 in
592 2377 686 2455 locos,
716 2395 790 2456 quos
814 2379 943 2456 scriptor
965 2377 1123 2436 Armenius
1149 2377 1184 2436 (10
1208 2385 1303 2437 morte
1323 2377 1466 2438 Constan-

289 2478 344 2536 tini
363 2476 389 2536 ll
412 2478 601 2554 imperatoris
625 2484 655 2536 et
679 2475 714 2534 de
739 2474 884 2535 seditione
909 2483 939 2534 et
961 2477 1081 2552 imperii
1103 2477 1295 2553 usurpatione
1320 2475 1466 2536 Valentini

288 2575 408 2653 patricii
432 2576 606 2652 composuit.

377 2671 419 2731 lle
447 2690 506 2731 uno
534 2671 738 2732 tantummodo
766 2671 830 2730 loco
856 2669 952 2747 Sebei,
983 2689 1041 2748 qua
1065 2669 1100 2728 de
1128 2667 1248 2729 Graecis
1278 2677 1308 2729 et
1332 2671 1466 2730 Arabicis

289 2771 378 2832 rebus
401 2773 506 2850 agitur,
530 2769 579 2830 hic
599 2769 752 2829 disseram.
795 2768 896 2848 Capite
916 2761 992 2852 36³)
1013 2769 1234 2828 accuratissime
1251 2777 1389 2828 narratur
1407 2769 1466 2828 Ma-

288 2871 374 2948 riam,
397 2868 557 2928 Arabicum
577 2867 761 2946 praelectum
786 2866 901 2945 Syriae,
926 2884 1001 2926 anno
1028 2865 1202 2934 duodecimo
1227 2864 1413 2926 Constantini
1427 2866 1466 2926 lll

287 2969 407 3045 imperii
434 2967 549 3044 magnis
579 2967 672 3043 copiis
696 2967 807 3044 paratis
831 2983 898 3024 cum
923 2963 1016 3024 classe
1041 2963 1257 3024 Chalcedonam
1281 2966 1406 3042 venisse,
1434 2971 1467 3024 ut

289 3063 574 3142 Constantinopolim
607 3062 759 3123 obsideret
791 3071 820 3122 et
853 3069 1045 3141 oppugnaret.
1101 3060 1197 3120 Nares
1230 3069 1328 3121 autem
1360 3081 1467 3140 magna

288 3169 463 3239 tempestate
493 3161 604 3221 deletas
633 3169 662 3220 et
687 3160 833 3239 dispulsas
858 3177 931 3219 esse.
978 3159 1057 3219 Haec
1081 3161 1225 3237 narratio,
1257 3179 1332 3238 quae
1357 3179 1373 3218 a
1396 3162 1466 3220 sim·

287 3259 358 3338 plici
381 3259 468 3319 modo
492 3259 600 3338 reliqui
624 3266 780 3318 contextus
804 3257 948 3317 recedens
971 3276 1064 3336 prope
1089 3257 1124 3317 ad
1148 3260 1294 3335 poeticam
1322 3261 1466 3317 rationem

290 3357 413 3436 accedit,
437 3360 567 3436 speciem
586 3358 720 3416 veritatis
739 3375 810 3434 prae
831 3374 862 3415 se
882 3356 959 3414 l'erre
979 3357 1053 3414 mibi
1072 3375 1131 3415 non
1150 3355 1276 3434 videtur,
1295 3359 1365 3434 quia
1383 3358 1467 3416 testi-

288 3457 388 3514 monio
419 3475 515 3533 neque
547 3455 651 3514 Graeci
681 3472 779 3532 neque
809 3453 928 3512 Arabici
958 3456 1113 3532 scriptoris
1144 3454 1274 3532 fulcitur,
1308 3457 1367 3532 qui,
1399 3473 1466 3513 cum

288 3555 422 3632 ipsorum
447 3552 482 3612 (10
507 3551 597 3612 rebus
622 3559 768 3631 ageretur,
799 3553 947 3630 imprimis
972 3550 1084 3630 aliquid
1109 3551 1144 3612 de
1168 3551 1217 3610 illa
1241 3555 1323 3630 gravi
1347 3551 1467 3630 expedi-

287 3652 368 3711 tione
392 3650 530 3728 Arabum,
555 3669 629 3728 quae
654 3650 690 3710 ad
714 3651 833 3709 irritum
857 3657 903 3708 est
926 3649 1054 3726 redacta,
1078 3651 1155 3710 scire
1181 3649 1335 3710 debebant.

378 3749 543 3828 loannes,
563 3749 719 3827 episcopus
734 3745 875 3825 Niciotes,
894 3749 926 3805 in
942 3747 1075 3806 chronici
1089 3747 1193 3807 ultima
1207 3756 1291 3826 parte
1307 3741 1384 3830 (cap.
1402 3743 1463 3806 111

289 3841 367 3930 sqq.)
399 3847 434 3908 de
465 3848 681 3926 expugnatione
704 3844 828 3923 Aegypti
853 3844 888 3904 ab
912 3844 1059 3905 Arabibus
1082 3846 1213 3924 perlecta
1238 3840 1338 3929 agitfi)
1386 3845 1468 3916 Quae

380 3967 404 4032 1)
425 3963 465 4019 Cf.
485 3964 741 4029 Hiibschmann,
766 3962 820 4014 Zur
844 3962 1012 4016 Geschichte
1035 3963 1200 4018 Armeniens
1224 3963 1283 4015 und
1306 3963 1356 4015 der
1375 3964 1468 4016 ersten

288 4043 392 4114 Kriege
412 4045 461 4097 der
471 4044 586 4112 Araber,
606 4045 665 4096 Aus
676 4045 739 4096 dem
750 4043 951 4097 Armenischen
971 4043 1141 4110 desSebeos,
1161 4043 1284 4112 Leipzig.
1308 4047 1384 4096 1875.
1404 4061 1430 4112 p.
1442 4051 1466 4097 4.

379 4127 405 4194 2)
424 4124 495 4178 Ibid.
516 4143 542 4194 p.
563 4130 586 4176 t.
1073 4167 1074 4171 ,

378 4207 404 4274 3)
424 4203 547 4258 Histoire
567 4203 743 4257 d'Heraolius
761 4221 813 4273 por
831 4203 956 4272 l’eveque
976 4202 1078 4258 Sebeos
1096 4202 1221 4256 traduite
1243 4205 1277 4256 de
1295 4202 1467 4258 I'Amenien

289 4287 318 4338 01
337 4285 456 4338 annotde
475 4299 527 4352 por
545 4283 589 4337 ur.
609 4283 749 4352 Macler,
769 4283 848 4336 Paris
869 4289 946 4350 1904,
965 4301 992 4352 p.
1014 4289 1130 4351 139sqq.

378 4367 405 4434 4)
423 4363 581 4432 Chronique
602 4364 636 4417 (10
654 4363 733 4429 Jean,
754 4366 858 4432 eaeque
878 4363 912 4417 (10
931 4365 1046 4431 Nikiou,
1065 4367 1141 4418 texte
1160 4364 1304 4432 ethiopien
1323 4363 1420 4432 publio
1439 4365 1468 4417 01

288 4443 398 4498 traduit
420 4459 472 4513 par
495 4444 532 4497 M.
551 4444 586 4496 H.
605 4443 811 4514 Zubenberg,
830 4443 946 4498 Notices
965 4447 994 4500 01
1012 4444 1137 4498 Extraibs
1156 4444 1246 4498 XXIV
1262 4451 1275 4496 1
1296 4462 1322 4512 p.
1344 4450 1395 4498 553
1406 4461 1466 4511 sqq.
