3304 5098
692 321 913 383 -27-

303 499 405 579 ltaque
429 499 466 560 ad
488 501 545 561 hoc
568 500 689 580 quidem
713 509 832 581 tempus
850 501 1005 563 Martinam
1024 502 1278 582 Heraclonamque
1297 505 1391 582 impe-

213 602 293 660 rium
312 597 476 660 obtinuisse
496 598 703 660 coniciendum
719 609 766 660 est
784 607 834 661 aut
849 600 952 661 saltem
971 603 1094 662 nuntius
1114 619 1216 662 eorum
1236 603 1391 662 eiectionis

213 696 346 758 nondum
365 695 572 757 Alexandriam
591 706 721 758 venerat
768 697 837 758 lllos
861 705 959 758 autem
980 697 1095 778 reliquo
1114 707 1248 778 tempore
1266 698 1391 760 Novem·

213 795 277 856 bris
307 796 420 856 mensis
451 795 588 874 expulsos
619 813 685 856 esse
716 796 772 856 hoo
802 795 889 856 modo
921 795 1018 874 colligi
1049 804 1154 876 potest.
1197 796 1392 878 Theophanes

213 893 409 954 lleraclonam
433 911 484 953 sex
509 911 628 953 menses
651 895 845 973 imperavisse
868 888 1004 978 prodit.¹)
1052 894 1136 965 Quod
1163 902 1281 974 tempus
1305 897 1332 956 si
1355 895 1391 956 ab

212 1010 338 1052 excessu
366 990 551 1052 Constantini
569 990 594 1050 ll
625 999 843 1071 computamus,
876 994 907 1052 in
931 991 1127 1053 Nouembrem
1155 995 1391 1054 menseminci·

213 1089 325 1167 dimus,
364 1091 450 1150 cuius
491 1087 613 1149 dimidio
649 1089 755 1169 altero,
791 1091 822 1150 ni
855 1089 953 1168 fallor,
994 1089 1172 1151 Heraclonas
1206 1099 1235 1151 ct
1266 1090 1392 1151 Martina

212 1189 303 1248 eiecti
327 1195 405 1248 sunt.

303 1285 341 1345 Et
363 1303 443 1345 nunc
470 1287 502 1345 in
526 1304 560 1346 eo
585 1294 643 1364 est,
671 1292 705 1345 ut
729 1285 764 1345 de
787 1285 873 1364 Pyrri
895 1286 1081 1364 patriarchae
1106 1286 1279 1364 expulsione
1302 1305 1392 1364 quae-

215 1401 324 1444 ramus.
370 1383 495 1443 loannes
520 1382 556 1443 de
579 1383 672 1462 Pyrro
696 1385 791 1444 eiecto
819 1382 911 1444 verba
935 1384 1017 1462 lacit,
1045 1391 1201 1462 postquam
1226 1383 1392 1463 descripsit,

213 1499 289 1560 quae
313 1479 439 1541 blartina
467 1488 497 1540 et
525 1483 589 1541 eius
620 1481 674 1540 tilii
697 1483 778 1559 passi
802 1488 910 1541 essent.
957 1474 1185 1566 Theophanes2)
1210 1481 1322 1542 verbis:
1350 1478 1392 1562 „d

215 1572 251 1640 dd
275 1575 460 1658 σύγκλητος
483 1574 537 1639 καὶ
561 1576 581 1658 ἡ
605 1577 701 1651 πόλις
725 1576 867 1658 Πύρρον
891 1575 935 1652 ὡς
959 1575 1059 1659 ἀσεβῆ
1084 1578 1149 1640 σὺν
1171 1586 1211 1662 τῇ
1235 1581 1392 1662 Μαρτίνῃ

212 1671 269 1738 καὶ
296 1680 342 1760 τῷ
369 1674 433 1760 υἱῷ
461 1673 561 1757 αὐτῆς
590 1672 754 1750 ἐξέωσαν“
781 1675 882 1755 prodit
909 1677 1106 1756 patriarcham
1132 1677 1236 1739 eodem
1259 1684 1392 1756 tempore

213 1793 282 1836 cum
305 1773 432 1835 Martina
455 1774 679 1854 Heraclonaque
703 1793 769 1834 esse
794 1773 959 1854 depulsum.

303 1871 378 1933 Cum
401 1873 448 1933 his
467 1873 585 1933 loannis
609 1881 639 1934 et
657 1873 846 1951 Theophanis
865 1872 994 1952 indiciis,
1019 1892 1093 1952 quae
1116 1873 1153 1934 ad
1171 1882 1289 1954 tempus
1309 1892 1393 1952 spec·

213 1974 305 2033 tantia
325 1973 506 2050 conspirant,
530 1966 748 2055 Nicephorusi)
770 1970 927 2050 discrepat,
951 1974 1003 2050 qui
1025 1971 1087 2032 vult
1105 1972 1231 2051 Pyrrum
1251 1971 1393 2033 Constan-

212 2069 337 2150 tinopoli
357 2071 485 2130 cessisse
506 2076 647 2148 tempore,
667 2088 725 2147 quo
745 2068 917 2130 Valentinus
937 2089 1003 2130 cum
1024 2072 1157 2130 exercitu
1177 2068 1393 2130 Chalcedonem

211 2169 427 2247 occupavisset.
474 2167 600 2246 Pyrmm
624 2175 732 2245 autem,
757 2186 824 2227 cum
848 2167 940 2228 altera
964 2167 1072 2228 seditio
1090 2175 1194 2228 contra
1212 2169 1393 2247 imperantes

212 2274 315 2326 exorta
330 2273 418 2344 esset,
434 2267 523 2325 etiam
539 2273 610 2325 tunc
625 2264 727 2325 sedem
741 2265 968 2344 patriarchalem
983 2265 1148 2326 obtinuisse
1164 2267 1309 2344 existimo,
1324 2268 1393 2344 quia

212 2363 337 2424 loannes
362 2363 455 2424 relert
479 2362 559 2422 illam
583 2362 741 2442 epistulam
765 2382 780 2423 a
805 2363 897 2442 Pyrro
920 2364 1088 2442 patriarcha
1113 2363 1210 2424 datam
1235 2381 1309 2442 esse,
1336 2383 1393 2442 qua

212 2463 359 2540 scriptum
383 2469 462 2522 esset
486 2479 595 2540 poenas
619 2460 655 2520 ab
680 2461 736 2538 cis,
765 2463 908 2539 quicum
933 2461 1085 2522 Valentino
1110 2463 1259 2539 iecissent,
1284 2463 1393 2540 repeti-

212 2567 278 2619 tum
301 2561 348 2618 iri.
394 2559 495 2638 ltaque
515 2558 700 2638 Nicephorus
721 2577 822 2619 errare
845 2561 919 2619 mihi
937 2559 1063 2637 videtur,
1088 2579 1156 2620 cum
1175 2560 1301 2638 Pyrrum
1319 2566 1393 2620 tem-

213 2675 286 2736 pore
310 2658 400 2735 primi
423 2665 521 2717 motus
545 2676 561 2716 a
585 2657 739 2718 Valentino
763 2657 883 2717 conflati
905 2656 1011 2717 urbem
1036 2657 1204 2718 deseruisse
1228 2656 1334 2736 prodit.

303 2755 368 2816 Etsi
386 2757 466 2815 inter
485 2755 701 2834 descriptiones
720 2757 872 2834 temporis,
893 2775 950 2834 quo
970 2755 1080 2834 Pyrrus
1100 2755 1241 2834 expulsus
1260 2757 1307 2833 sit,
1329 2774 1394 2816 eam

214 2872 304 2932 quam
332 2852 474 2914 exhibent
496 2853 621 2914 loannes
650 2861 680 2914 et
703 2853 898 2932 Theophanes
924 2853 1073 2932 praefero,
1104 2863 1203 2914 tamen
1227 2853 1301 2913 mihi
1324 2872 1394 2913 con-

212 2950 380 3012 oedendum
411 2959 458 3012 est
487 2951 593 3012 horum
624 2951 722 3011 verbis
752 2969 856 3011 verum
887 2969 946 3010 non
976 2969 1099 3030 prorsus
1130 2951 1224 3031 prodi.
1276 2951 1394 3012 Etenim

215 3051 282 3110 lieri
305 3067 364 3110 non
389 3051 494 3128 potuit,
517 3057 551 3110 ut
569 3049 680 3128 Pyrrus
703 3067 762 3109 uno
785 3048 948 3127 codemque
968 3057 1111 3128 tempore,
1136 3069 1194 3129 quo
1213 3048 1394 3110 heraclonas

213 3150 339 3227 eiusque
367 3149 485 3227 cognati
513 3147 629 3226 expulsi
657 3154 727 3207 sunt
756 3139 790 3229 (i.
815 3165 839 3206 e.
864 3155 931 3226 post
955 3143 974 3208 8
1000 3146 1078 3208 diem
1107 3146 1284 3208 Novembris
1312 3166 1394 3208 men·

213 3239 281 3330 sis),
305 3247 464 3323 eiceretur,
490 3248 559 3324 quia
583 3244 700 3322 Paulus,
724 3247 776 3323 qui
800 3244 844 3304 illi
862 3245 1031 3324 patriarcha
1050 3245 1394 3325 Constantinopolitanus

213 3345 373 3422 suecessit,
397 3345 456 3403 iam
480 3341 601 3402 Octobri
626 3361 729 3403 meuse
755 3345 910 3403 institutus
934 3338 1017 3426 eslf)
1067 3343 1152 3404 Haud
1176 3346 1238 3404 scio
1262 3363 1298 3404 an
1321 3343 1394 3403 haec

214 3440 373 3502 difficultas
397 3441 448 3502 tali
472 3443 586 3501 ratione
610 3440 674 3500 tolli
697 3443 804 3520 possit:
828 3459 864 3500 cx
886 3459 920 3500 eo
945 3441 1024 3520 quod
1042 3443 1168 3502 loannes
1189 3441 1281 3502 refert
1299 3441 1394 3500 Theo·
1479 3459 1484 3469 ·

214 3539 319 3600 dorum
349 3539 440 3600 altera
473 3539 619 3599 seditione
651 3549 753 3599 contra
778 3541 937 3618 imperium
961 3539 1142 3600 Heraclonae
1166 3548 1230 3600 orta
1253 3537 1393 3600 Davidem

214 3637 393 3716 logothetam
425 3645 617 3716 persecutum
643 3655 709 3698 esse
738 3639 862 3716 eiusque
891 3645 980 3716 caput
1013 3637 1147 3698 decisum
1180 3640 1210 3698 in
1243 3636 1394 3698 orientali-

214 3734 271 3796 bus
296 3734 469 3814 regionibus
492 3729 746 3818 monstravissel),
771 3737 867 3796 conici
891 3743 990 3816 potest
1013 3735 1196 3815 aliquantum
1218 3737 1305 3815 spatii
1325 3754 1394 3795 con-

214 3841 366 3912 sumptum
400 3852 479 3912 esse,
518 3833 611 3894 donec
644 3835 778 3894 exercitu
811 3853 917 3912 magno
951 3833 1075 3894 collecto
1108 3833 1394 3912 Constantinopolim

215 3938 418 3992 reverteretur
436 3940 467 3992 et
480 3931 636 3992 Martinam
655 3934 780 4012 eiusque
794 3934 978 4011 propinquos
993 3934 1120 4011 imperio
1137 3931 1276 3992 deiceret.
1309 3929 1395 4002 Quod

214 4031 242 4090 si
260 4028 422 4090 Novembri
445 4047 548 4091 mense
567 4029 684 4098 accidit.
708 4029 776 4090 lieri
794 4033 899 4110 potuit,
922 4031 1033 4091 utiam
1052 4029 1151 4108 aliquo
1172 4037 1306 4108 tempore
1326 4036 1394 4090 ante

306 4195 331 4262 1)
350 4191 476 4262 Theoph.
496 4211 523 4262 p.
544 4198 605 4259 341,
621 4199 663 4248 18.
773 4197 799 4264 2)
819 4193 943 4262 Theoph.
963 4211 991 4262 p.
1011 4197 1111 4260 ³81,il.

305 4277 331 4342 3)
350 4272 469 4342 Niceph.
488 4292 515 4342 p.
537 4278 579 4340 30,
594 4279 637 4330 26.

304 4357 331 4423 4)
350 4352 477 4423 Theoph.
496 4371 523 4422 p.
544 4359 605 4422 342,
621 4361 702 4424 lsqq.
740 4354 857 4426 Niceph.
877 4373 904 4424 p.
925 4359 967 4422 st,
983 4360 1085 4424 25sqq.

305 4437 332 4504 b)
351 4433 470 4488 loannes
489 4433 551 4489 Nic.
571 4453 598 4504 p.
619 4439 679 4489 580.
