3304 5098
739 319 960 383 „25-

258 501 373 560 exactio
396 499 577 560 heraclonae
600 499 802 578 Martinaeque
826 499 948 579 probata
972 509 1025 579 est,
1048 509 1082 562 ut
1106 521 1140 562 ex
1160 501 1349 581 Theophanis
1372 520 1439 562 ver·

258 598 305 658 bis
333 597 430 659 elucet
453 598 550 658 hisce:
579 591 621 680 (p.
641 595 715 678 341,
731 596 789 681 24)
813 597 953 682 „Todcpr
976 603 1022 682 τῷ
1045 593 1110 660 ἔτει
1135 595 1288 662 ἀπώσατο
1313 597 1333 679 ἡ
1358 597 1439 679 σύγ-

259 698 377 776 κλητος
400 693 616 778 Ἡρακλωνᾶν
640 695 705 774 ἅμα
724 696 881 778 Μαρτίνῃ
904 703 942 779 τῇ
966 694 1064 776 μητρὶ
1087 694 1211 760 αὐτοῦ(ί
1235 705 1264 758 et
1283 716 1319 758 ex
1338 696 1438 760 verbis

258 793 367 873 quibus
391 793 603 856 Constantinus
626 796 789 873 imperator
816 795 932 855 iuvenis
956 812 1055 854 coram
1079 801 1184 854 senatu
1207 813 1280 855 usus
1304 813 1370 855 esse
1396 794 1438 854 di-

259 886 374 975 citnr.¹)
420 891 482 952 Hac
510 893 657 970 oratione,
684 899 718 952 ut
748 893 862 952 lacinus
887 891 1077 952 fundamento
1101 894 1175 953 iuris
1199 894 1255 952 niti
1278 892 1439 968 videretur,

259 990 354 1070 palam
383 992 606 1068 pronuntiatum
636 997 681 1050 est
709 990 775 1050 illos
803 997 960 1069 propterea
991 992 1056 1050 iure
1085 991 1222 1069 expulsos
1251 1009 1340 1069 esse,
1360 991 1439 1070 quod

260 1096 374 1168 patrem
399 1087 625 1148 Constantinum
653 1083 878 1172 necavissent.²)
926 1087 964 1148 Ut
991 1090 1022 1147 in
1047 1090 1171 1166 gratiam
1195 1096 1366 1150 senatorum
1389 1108 1438 1148 ve·

260 1189 348 1264 niret,
373 1185 584 1246 Constantinus
608 1188 652 1246 eis
677 1185 751 1246 dona
776 1186 865 1246 dedit.

348 1284 454 1344 Paucis
478 1302 557 1344 nunc
581 1283 734 1344 absolvere
762 1285 850 1345 liceat
878 1283 976 1344 verbis
1005 1303 1080 1362 quae
1109 1287 1229 1345 interim
1253 1288 1284 1345 in
1308 1287 1439 1365 Aegypto

259 1389 342 1460 gesta
373 1383 446 1460 sint,
476 1390 510 1442 ut
542 1400 578 1442 ex
610 1382 729 1442 indiciis
760 1401 836 1461 quae
866 1382 902 1442 ad
930 1391 1048 1460 tempus
1076 1383 1181 1443 harum
1210 1401 1311 1444 rerum
1334 1386 1365 1443 in
1390 1383 1440 1443 illa

261 1482 412 1560 provincia
437 1487 587 1558 gestarum
611 1488 746 1559 spectant
769 1481 896 1558 proiecti
919 1479 1017 1540 obiter
1039 1489 1259 1560 computemus,
1283 1501 1341 1561 quo
1364 1490 1439 1542 tem·

259 1596 331 1658 pore
355 1577 480 1638 Martina
504 1578 617 1656 liliique
640 1581 766 1657 imperio
792 1579 900 1639 deiecti
923 1581 991 1640 sint.

348 1676 401 1736 Die
437 1673 479 1736 14
507 1675 692 1754 Septembris
725 1679 838 1736 mensis
867 1679 937 1737 anni
966 1674 1028 1738 641
1060 1677 1153 1756 Cyrus
1181 1677 1349 1756 patriarcha
1381 1697 1440 1738 una

259 1793 328 1834 cum
352 1773 519 1852 Theodoro,
548 1774 697 1852 praelecto
721 1774 928 1852 Alexandriae,
957 1777 1008 1853 qui
1033 1774 1129 1835 Rhodi
1157 1775 1270 1854 legatos
1294 1759 1448 1836 Valentini

260 1874 379 1952 patricii
411 1859 601 1950 convenerat,
639 1872 846 1932 Alexandriam
883 1866 1008 1955 rediit.³)
1065 1872 1104 1932 Ut
1135 1892 1239 1951 pacem
1272 1892 1340 1934 cum
1369 1875 1439 1934 Ara·

260 1970 348 2030 bibus
373 1971 492 2048 laceret,
517 1971 595 2030 sicut
619 1971 646 2029 ei
671 1969 706 2030 ab
725 1969 888 2029 Heraoiona
912 1970 1084 2030 mandatum
1108 1979 1180 2048 erat,
1204 1971 1382 2051 Babylonem
1407 1991 1439 2031 se

260 2067 393 2146 contulit,
412 2068 464 2128 ubi
484 2087 551 2128 cum
569 2067 686 2146 Ambro,
707 2067 781 2127 duce
796 2068 934 2146 hostium,
955 2070 1191 2128 communicavit.
1228 2070 1323 2148 Atque
1343 2073 1439 2148 pactio

261 2167 336 2227 lacta
366 2173 424 2244 est,
451 2185 507 2245 qua
532 2173 592 2226 tota
616 2167 767 2244 provincia
796 2185 864 2226 cum
887 2165 1062 2226 Alexandria
1091 2169 1187 2246 capite
1211 2167 1357 2228 Arabibus
1381 2175 1439 2227 tra-

261 2259 420 2348 deretur.4)
474 2265 555 2325 lnter
583 2265 715 2342 singulas
743 2264 945 2342 condiciones,
974 2282 1050 2342 quae
1079 2283 1094 2323 a
1118 2264 1228 2325 loanne
1259 2266 1441 2344 reseruntur,

260 2371 533 2424 commemorentur
562 2363 630 2422 hae:
659 2365 853 2423 constitutum
882 2370 940 2439 est,
972 2369 1006 2421 ut
1034 2361 1179 2422 tributum
1207 2363 1353 2423 Arabibus
1382 2363 1439 2423 sol-

260 2469 393 2542 veretur,
421 2460 553 2520 indutiae
578 2462 685 2521 fierent
708 2462 856 2522 mensium
879 2459 1028 2538 undecim,
1053 2479 1111 2539 quo
1136 2463 1229 2539 spatio
1253 2479 1350 2540 neque
1369 2462 1439 2520 Ara-

260 2559 313 2619 bes
337 2559 498 2638 quidquam
523 2567 625 2618 contra
644 2558 852 2619 Alexandriam
876 2561 1071 2637 susciperent,
1095 2577 1192 2636 neque
1213 2557 1318 2619 Graeci
1338 2567 1439 2620 contra

260 2658 327 2718 illos
351 2676 430 2717 arma
456 2657 576 2716 lerrent.
623 2655 735 2716 Omnes
764 2658 865 2734 copiae
893 2654 1023 2715 Graecae
1051 2655 1175 2716 navibus
1204 2675 1239 2715 ex
1263 2656 1439 2717 Alexandria

260 2757 386 2832 exirent,
410 2773 507 2832 neque
532 2757 681 2814 exercitus
701 2753 832 2814 Graecus
855 2772 986 2832 unquam
1007 2762 1215 2814 reverteretur.
1262 2754 1372 2815 Octavo
1388 2755 1440 2814 'die

261 2852 437 2912 Novembris
471 2854 582 2912 mensis
615 2871 671 2930 pax
704 2854 784 2912 inter
814 2851 922 2930 Cyrum
956 2859 986 2911 et
1016 2851 1159 2911 Ambrum
1190 2852 1323 2912 conlecta
1353 2846 1438 2935 est⁵)

261 2950 421 3028 Postquam
441 2950 609 3029 patriarcha
629 2949 835 3010 Alexandriam
855 2949 953 3027 rediit,
972 2949 1127 3009 Theodoro
1146 2951 1296 3028 praelecto
1316 2958 1346 3010 et
1365 2950 1440 3011 Con·

261 3051 404 3126 stantino,
433 3050 484 3126 qui
513 3049 658 3108 exercitui
682 3047 794 3107 Graeco
822 3055 972 3126 praeerat,
1003 3047 1165 3125 mandavit,
1188 3057 1222 3108 ut
1245 3047 1440 3109 Heraclonam

261 3149 471 3225 imperatorem
502 3145 537 3206 de
565 3147 701 3224 pactione
732 3147 891 3206 certiorem
922 3147 1055 3205 l'acerent
1084 3154 1377 3225 commoverentquc,
1408 3155 1441 3206 ut

260 3251 380 3323 pactum
404 3237 570 3326 sanciretfi)

352 3392 377 3458 1)
397 3388 522 3458 Theoph.
542 3407 569 3458 p.
590 3394 649 3454 342,
666 3394 749 3456 9sqq.

352 3471 378 3538 2)
397 3467 439 3522 De
458 3469 535 3523 exitu
549 3468 690 3522 Martinae
709 3472 738 3521 et
751 3468 926 3524 Heraclonae
946 3467 1087 3523 Cedrenus
1106 3487 1133 3538 p.
1151 3468 1440 3534 ‘164‚4taliarefert:

261 3548 277 3603 ὁ
297 3547 328 3603 dl
343 3545 526 3616 Ἡρακλωνᾶς
544 3549 596 3603 οὐκ
616 3547 705 3618 ἐτάφη
725 3551 873 3620 βασιλικῶς
892 3549 961 3603 data
980 3549 1114 3618 διωχθεὶς
1129 3549 1159 3603 ἐκ
1173 3555 1223 3617 τῆς
1236 3546 1378 3619 βασιλείας
1392 3550 1441 3602 καὶ

261 3629 415 3683 ἰδιωτεύων
434 3627 524 3697 ἐτάφη
550 3629 580 3682 ἐν
598 3634 635 3698 τῷ
655 3627 830 3701 μοναστηρίφ
849 3631 901 3684 σὺν
919 3637 952 3700 τῇ
971 3629 1053 3698 μητρὶ
1071 3626 1214 3701 Μαρτίνῃ.
1252 3629 1356 3684 Sebeos
1377 3647 1440 3684 nar-

260 3727 326 3764 rans
346 3725 393 3764 eos
412 3725 429 3762 a
448 3708 600 3762 Valentino
618 3709 781 3764 interfectos
800 3726 861 3763 esse
880 3711 962 3764 errat.

352 3792 378 3858 3)
397 3790 466 3843 Rem
487 3789 529 3842 ita
552 3805 582 3842 se
601 3788 733 3842 habuisse
753 3789 873 3844 Butler
894 3789 922 3860 (l.
943 3807 965 3843 c.
985 3808 1012 3859 p.
1032 3792 1173 3859 636sqq.),
1193 3791 1311 3844 reiciens
1330 3793 1441 3844 senlen-

261 3870 333 3923 tiam
347 3869 508 3924 Brooksii
526 3869 576 3937 qui
595 3869 671 3939 (Byz.
687 3869 805 3924 Zschrft.
822 3875 899 3936 1895,
914 3875 967 3923 444
975 3873 1046 3940 sqq.)
1063 3872 1158 3924 censet
1174 3869 1276 3938 Cyrum
1290 3873 1355 3939 post
1368 3887 1443 3923 mor-

261 3953 320 4003 tem
331 3949 457 4004 Heraclii
472 3952 500 4003 eb
515 3952 581 4003 ante
594 3949 682 4004 festos
697 3949 758 4004 dies
771 3950 920 4018 paschales
935 3950 1003 4004 anni
1013 3957 1063 4004 641
1074 3951 1277 4004 Alexandriam
1286 3951 1441 4017 revertisse,

261 4030 347 4099 plane
366 4030 522 4084 ostendisse
540 4030 611 4083 mihi
628 4030 748 4084 videtur.

352 4113 378 4178 4)
398 4111 494 4164 Ioann.
513 4109 575 4164 Nic.
595 4128 622 4178 p.
644 4116 708 4176 δῖός
729 4111 849 4164 Butler
867 4111 885 4165 l.
905 4128 928 4164 c.
947 4129 975 4179 p.
995 4117 1055 4166 320.
1126 4127 1129 4132 ·

353 4193 378 4259 ὁ)
399 4190 480 4256 Quod
494 4191 531 4244 ad
545 4193 656 4259 tempus
671 4192 750 4260 pacis
761 4191 906 4246 confectae
916 4192 1027 4258 attinet,
1042 4192 1142 4245 ilerum
1155 4208 1256 4259 sequor
1265 4191 1441 4246 Butlerum

263 4271 291 4341 (l.
313 4289 334 4326 e.
354 4289 381 4340 p.
398 4274 469 4341 540),
488 4288 572 4340 quem
592 4272 765 4342 argumentis
783 4273 865 4326 bonis
885 4273 1054 4326 senientiam
1070 4271 1233 4325 Brooksii
1252 4271 1280 4341 (l.
1297 4288 1319 4325 c.
1335 4289 1361 4340 p.
1378 4274 1441 4338 442)

262 4351 400 4406 refellisse
418 4368 526 4406 censeo.

354 4435 380 4502 6)
398 4431 518 4487 Ioannes
537 4433 598 4487 Nic.
618 4453 645 4503 p.
666 4439 726 4488 576.
