3304 5098
686 311 909 378 ,69-

207 494 314 556 Graeci
341 513 431 580 novas
459 496 555 555 minas
583 496 615 553 in
639 493 775 556 abbatem
798 496 994 574 iactaverunt,
1021 502 1056 554 ut
1078 495 1246 555 timefactus
1270 493 1386 556 laoilius

207 601 335 674 pareret.
381 591 500 653 Troilus
528 594 608 653 enim
635 595 779 671 patricius
807 595 848 652 ita
870 591 1030 652 Maximum
1053 593 1239 671 increpuisse
1264 592 1386 653 dicitur:

204 694 289 770 „dio,
322 694 415 767 ahto,
447 693 529 766 ride,
563 693 614 752 die
645 695 804 752 veritatem
837 699 866 751 et
897 693 1096 752 miserabitur
1127 695 1173 752 tui
1203 694 1383 753 dominator.

210 791 285 851 Nom
311 794 340 852 si
367 792 411 851 od
435 793 564 864 leonton
592 792 818 864 inquisitionem
846 793 1017 850 venerimus
1045 796 1074 849 et
1101 793 1253 850 invenerit
1278 793 1387 850 saltem

206 907 300 950 nnnrn
323 905 428 949 oerum
452 906 492 948 en
514 889 571 963 his,
595 890 633 947 de
657 889 766 962 quihus
789 891 958 962 accuseris,
981 890 1033 948 ten
1056 889 1175 948 occidet
1198 886 1253 948 te“.
1290 885 1386 958 Quae·

207 985 343 1046 rentibus
372 983 548 1045 adversariis
571 983 718 1044 Maximus
742 983 896 1045 confessus
920 991 1021 1044 estse
1045 1002 1259 1063 saepenumero
1282 992 1386 1064 typum

207 1083 329 1163 quidem
362 1082 532 1161 damnasse,
566 1081 618 1142 sed
650 1081 724 1143 falso
752 1081 891 1143 contendi
919 1101 951 1143 se
977 1099 1037 1144 una
1066 1101 1133 1142 cum
1162 1089 1230 1162 typo
1257 1084 1386 1162 impera·

207 1188 303 1243 torem
327 1199 393 1242 esse
418 1180 604 1242 detestatum.

296 1277 336 1339 Ut
353 1277 481 1339 vidimus
500 1280 719 1350 controversiae
738 1277 1005 1339 monotheletamm
1024 1285 1054 1339 et
1068 1277 1277 1340 ditheletarum
1291 1279 1386 1357 magis

206 1378 360 1456 magisque
392 1375 531 1455 gentihus
562 1377 722 1454 praecipue
752 1373 932 1436 Graecorum
966 1382 995 1436 et
1021 1375 1221 1437 Romanomm
1255 1378 1386 1437 contine·

206 1473 328 1554 bantur,
356 1474 446 1554 idque
468 1475 523 1553 ita,
550 1481 585 1534 ut
607 1471 713 1534 Graeci
735 1492 838 1552 unam,
866 1473 990 1534 Romani
1014 1473 1087 1534 duas
1109 1473 1274 1535 voluntates
1297 1474 1387 1553 proti·

206 1579 351 1634 terentur.
398 1571 584 1633 Simultatem
611 1573 769 1650 utriusque
797 1573 926 1632 nationis
950 1573 1069 1651 saepius
1092 1573 1150 1633 iam
1175 1591 1386 1633 commemora·

207 1671 312 1731 vimus.
362 1669 400 1730 Et
432 1688 501 1730 cum
528 1667 673 1730 Maximus
705 1671 786 1730 omni
819 1668 917 1730 studio
947 1670 1162 1732 monotheletas
1189 1673 1386 1750 impugnaret,

208 1785 244 1831 ex
272 1767 420 1830 sententia
448 1767 628 1829 Graecorum
656 1769 688 1827 in
717 1785 800 1828 snam
827 1768 923 1846 ipsius
950 1771 1102 1830 nationem
1128 1771 1275 1848 peccavit,
1308 1769 1387 1848 quod

208 1865 400 1946 opprobrium
425 1867 513 1926 etiam
537 1865 581 1926 illi
603 1866 770 1945 quaestioni
793 1866 892 1926 inesse
914 1866 988 1926 mihi
1011 1865 1137 1946 videtur,
1163 1881 1217 1927 cur
1239 1865 1387 1928 Romanos

209 1963 359 2043 diligeret,
383 1962 511 2024 Graecos
534 1963 655 2024 odisset.
699 1963 859 2042 Postquam
883 1962 973 2028 abbas
996 1965 1085 2025 etiam
1109 1963 1164 2025 alia
1187 1967 1387 2044 interrogatus

208 2069 263 2140 est,
286 2064 318 2122 in
342 2079 493 2122 carcerem
518 2069 564 2122 est
586 2060 736 2122 reductus.

298 2159 441 2239 Sequenti
470 2159 517 2219 die
547 2152 723 2243 (dominica)
753 2158 883 2238 synodus
911 2158 1234 2239 Constantinopolitana
1262 2178 1385 2239 congre-

208 2265 274 2337 gata
302 2265 360 2336 est,
389 2275 464 2336 quae
489 2256 716 2316 Constantinum
743 2255 908 2336 admonuit,
935 2265 970 2318 ut
991 2256 1151 2318 Maximum
1179 2260 1303 2338 eiusque
1328 2257 1386 2318 dis·

209 2354 323 2434 oipulos
352 2354 441 2416 exilio
469 2353 617 2414 multaret.
664 2352 728 2424 Quo
756 2354 866 2415 lactum
894 2363 948 2434 est,
976 2363 1010 2416 ut
1036 2354 1181 2416 Maximus
1208 2357 1240 2416 in
1267 2355 1385 2435 Bizyam

208 2452 363 2514 castellum
390 2452 548 2531 Thraciae,
581 2451 656 2512 alter
682 2452 854 2512 Anastasius
882 2452 1048 2532 Perberim,
1077 2453 1151 2513 alter
1177 2453 1386 2514 Mesembriam

207 2549 314 2630 „nudi,
346 2549 427 2610 nulla
457 2549 602 2610 hahentes
635 2549 786 2629 alimenta,
818 2553 899 2611 omni
932 2550 968 2611 ad
1000 2553 1077 2611 vitae
1105 2570 1193 2612 usum
1221 2559 1386 2628 commeatu

208 2646 364 2710 carentes“
387 2651 418 2708 in
443 2647 564 2708 exilium
587 2649 786 2709 mitterentur.
794 2642 819 2732 1)

299 2745 358 2806 Sed
386 2745 597 2809 Constantinus
630 2748 793 2825 imperator
825 2755 856 2807 et
882 2747 988 2807 Petrus
1020 2747 1187 2826 patriarcha
1215 2766 1298 2826 spem
1326 2765 1386 2808 non
1474 2821 1477 2826 Ι

211 2843 414 2923 deposuerunt
426 2843 586 2904 Maximum
606 2843 749 2904 ecclesiae
764 2843 1106 2924 Constantinopolitanae
1122 2844 1276 2906 conciliari
1289 2863 1386 2925 posse.

208 2941 360 3021 liquibus
376 2941 569 3020 Theodosius,
589 2942 746 3020 episcopus
766 2941 927 3003 Caesareae
947 2942 1101 3022 Bithyniae
1122 2950 1151 3003 et
1164 2943 1273 3004 Paulus
1292 2943 1387 3004 Theo·

212 3038 372 3118 dosiusque
397 3039 534 3100 consules
557 3041 643 3100 missi
667 3039 714 3100 die
738 3037 781 3101 24
804 3041 929 3119 Augusti
951 3043 1063 3101 mensis
1087 3043 1157 3100 anni
1181 3036 1245 3103 656
1269 3041 1387 3121 Bizpam

209 3145 363 3216 venerunt,
388 3145 421 3198 ut
444 3137 541 3198 denuo
565 3157 633 3198 cum
656 3137 782 3198 Maximo
806 3132 971 3223 agereret)

298 3236 392 3315 Atque
417 3253 453 3296 ex
476 3235 531 3296 hac
555 3235 753 3314 disputatione
774 3234 902 3296 dilucide
922 3244 1052 3316 apparet,
1076 3239 1179 3316 quanti
1197 3239 1386 3317 imperatoris

211 3333 381 3394 interfuerit
404 3331 564 3394 Maximum
592 3352 660 3394 cum
685 3332 806 3394 Graecis
829 3336 1007 3395 consentire.
1054 3333 1128 3395 Nam
1152 3354 1220 3396 oum
1243 3335 1387 3397 Maximus

209 3429 375 3493 Theodosio
404 3432 573 3510 quaerenti,
602 3450 659 3510 qua
688 3430 723 3490 de
753 3449 840 3492 causa
869 3451 937 3492 oum
966 3419 1035 3493 sede
1064 3432 1387 3512 Constantinopolitano

209 3527 391 3589 concordare
427 3527 533 3607 nollet,
570 3528 774 3608 respondisset
807 3522 900 3612 (sicut
932 3524 1032 3615 antea)
1066 3549 1098 3592 se
1131 3529 1200 3610 Cyri
1232 3531 1387 3610 capitibus,

209 3626 336 3705 ecthesi,
372 3633 442 3706 typo
478 3626 645 3706 prohiberi,
683 3629 840 3708 episcopus
876 3631 997 3689 nomine
1030 3628 1214 3690 Constantini
1250 3631 1387 3708 promisit

208 3732 311 3804 typum
335 3723 484 3786 sublatum
507 3727 555 3805 iri,
579 3727 605 3785 si
627 3724 772 3786 Maximus
796 3744 864 3787 oum
886 3727 1066 3805 imperatore
1090 3729 1282 3788 consentiret.
1328 3725 1387 3788 Sed

208 3822 258 3884 hic
280 3829 362 3884 tanta
384 3824 577 3884 concessione
601 3843 661 3884 non
684 3831 841 3885 contentus
863 3832 1018 3904 praeterea
1041 3825 1207 3904 postulavit,
1229 3831 1264 3885 ut
1282 3823 1387 3885 Graeci

210 3939 253 3999 ea,
276 3939 352 4000 quae
375 3919 504 4000 synodus
527 3920 737 3982 Lateranensis
761 3920 950 4000 decrevisset,
973 3922 1141 4002 probarent
1182 3922 1387 4002 Disputatione

211 4016 317 4080 deinde
339 4019 419 4079 inter
440 4017 641 4080 Theodosium
665 4027 694 4080 et
712 4017 872 4080 Maximum
897 4018 932 4080 de
956 4037 1081 4081 numero
1103 4020 1286 4080 voluntatum
1311 4019 1387 4080 tacta

301 4262 326 4328 1)
346 4257 386 4316 Of.
405 4260 518 4316 Relatio
536 4260 671 4316 Metionis
690 4263 743 4318 eto.
762 4261 876 4333 Migue
894 4261 913 4316 t
934 4279 956 4317 e.
975 4267 1079 4332 p.180.

300 4343 327 4412 a)
345 4339 437 4396 Huius
451 4340 653 4411 disputationis
668 4345 732 4398 acta
747 4341 784 4397 ad
797 4358 849 4398 nos
862 4345 1008 4411 venerunt,
1023 4342 1136 4414 Migne
1150 4342 1169 4398 l.
1185 4361 1207 4399 e.
1222 4361 1250 4414 p.
1266 4348 1317 4398 tto
1325 4360 1385 4412 sqq.

210 4419 252 4474 De
270 4421 397 4490 tompore
416 4420 450 4475 oi.
471 4437 533 4491 cap.
552 4419 578 4475 11
597 4438 659 4476 cum
679 4437 740 4493 esp.
760 4421 859 4477 XXIV.
