3304 5098
619 367 878 433 ,-85-

177 556 323 632 mitteret,
351 555 403 632 qui
425 552 555 612 Africam
579 559 746 630 occuparet
793 550 904 611 Chalila
928 550 1068 630 precibus
1092 551 1172 613 illius
1197 551 1355 613 obsecutus

178 654 278 732 copias
312 651 386 712 duce
414 650 520 729 Maria,
554 649 613 708 dlio
642 648 770 728 Hudaig,
802 651 834 709 in
861 649 990 710 Africam
1022 651 1113 710 misit.
1160 649 1224 720 Quo
1257 649 1356 711 audito

178 753 342 830 imperator
369 747 571 827 Nicephorum
603 766 671 808 cum
703 749 825 826 triginta
858 746 978 808 milibus
1011 747 1139 808 militum
1169 751 1201 808 in
1228 748 1356 809 Africam

178 848 329 909 transvehi
353 848 449 908 iussit.
486 846 556 906 Veri
580 844 723 906 dissimile
746 863 806 905 non
830 857 877 905 est
894 843 1096 924 Nicephorum
1115 845 1152 906 ad
1171 839 1356 930 Sabratam¹)

177 965 267 1008 naves
296 945 459 1024 appulisse,
486 951 520 1004 ut
547 945 606 1004 iam
633 943 690 1004 hoc
718 942 783 1002 loco
810 943 912 1003 hostes
936 941 1111 1004 accedentes
1135 943 1216 1004 aditu
1238 946 1357 1022 provin·

177 1047 240 1106 ciae
264 1042 445 1122 prohiberet.
483 1040 540 1112 Qui
559 1049 715 1120 postquam
735 1041 834 1118 copias
852 1043 997 1120 exposuit,
1021 1041 1057 1101 ab
1077 1041 1228 1120 equitibus
1247 1040 1357 1103 blaviae

178 1159 340 1222 oppressus
364 1148 394 1200 et
412 1142 507 1199 victus
527 1147 581 1217 est,
603 1147 638 1198 ut
657 1157 724 1198 cum
744 1139 806 1198 suis
826 1146 983 1217 cogeretur
1002 1157 1034 1199 se
1053 1141 1085 1199 in
1104 1157 1193 1200 naves
1212 1141 1357 1218 recipere.

178 1240 272 1301 blavia
299 1241 362 1317 ipse
391 1236 536 1317 Djelulam
564 1235 706 1315 oppidum
734 1234 887 1296 obsidione
916 1236 1023 1297 clausit
1050 1244 1081 1297 et
1103 1237 1200 1316 aliquo
1224 1245 1357 1316 tempore

178 1345 247 1418 post
265 1338 351 1416 cepit
384 1334 462 1395 Num
480 1334 555 1394 haec
573 1335 716 1394 memoria
730 1333 775 1392 En
790 1332 918 1417 Noueiri
937 1334 1138 1413 compilatoris
1152 1333 1188 1395 ad
1202 1337 1357 1395 veritatem

178 1454 271 1516 prope
295 1433 423 1511 accedat,
449 1431 612 1512 diiudicare
636 1449 760 1510 nequeo.
1187 1488 1189 1492 ,

267 1532 356 1592 Teste
380 1529 540 1590 Raladhuri
563 1529 655 1589 blavia
683 1547 742 1589 non
771 1531 835 1608 ipse
864 1531 895 1588 in
920 1529 1051 1590 Siciliam
1074 1537 1279 1607 transgressus
1303 1536 1357 1608 est,

177 1630 231 1692 sed
264 1627 440 1706 ‘Abdallam,
473 1627 568 1688 lilium
595 1626 680 1706 Keis,
717 1629 805 1687 iussit
837 1627 963 1687 insulam
991 1629 1155 1688 incurrere.
1163 1621 1188 1711 2)
1245 1625 1356 1688 Arabes

178 1729 305 1790 classem
329 1727 524 1788 ducentarum
546 1726 665 1785 navium
689 1727 839 1804 paravisse
865 1724 1013 1804 dicuntur,
1037 1725 1145 1804 quibus
1168 1727 1201 1785 in
1225 1724 1357 1786 Siciliam

178 1827 340 1888 transvecti
363 1817 472 1908 sunt.³)
519 1823 563 1883 Ad
589 1823 666 1882 hanc
689 1825 873 1883 invasionem
897 1822 1035 1902 epistula,
1059 1841 1134 1901 quae
1158 1821 1213 1884 sub
1237 1824 1357 1884 nomine

176 1925 315 1986 Vitaliani
332 1941 424 2002 papae
453 1921 490 1982 ad
516 1921 676 1982 monachos
700 1920 816 1982 Siculos
840 1920 906 1982 data
929 1929 988 2000 est,
1015 1920 1171 1982 referenda
1194 1939 1261 1981 esse
1283 1921 1359 1981 mihi

176 2015 342 2105 videtur4),
373 2019 452 2080 unde
482 2019 580 2080 elucet
602 2019 727 2097 incolas,
761 2038 829 2079 cum
861 2020 963 2080 hostes
996 2019 1281 2097 appropinquarent,
1312 2017 1357 2078 lu-

177 2123 293 2199 gientes
322 2117 427 2196 urbes,
455 2127 552 2195 arces,
584 2119 776 2194 monasteria,
808 2117 906 2196 villas,
938 2119 1144 2195 possessiones
1179 2115 1357 2176 deseruisse.

176 2217 356 2296 Theophane
392 2223 469 2276 teste
507 2217 551 2275 eis
588 2214 709 2294 Siculis,
747 2233 821 2293 quos
857 2215 985 2294 Agaroni
1022 2231 1124 2274 secum
1162 2211 1357 2291 abduxerunt,

177 2315 313 2376 Damasci
335 2332 427 2375 novae
451 2312 538 2374 sedes
563 2314 727 2391 assignatae
751 2305 861 2397 sunt.⁵)
908 2312 1031 2372 Praeter
1053 2310 1125 2372 alias
1149 2329 1198 2372 res
1218 2311 1358 2373 Saraceni

176 2415 267 2474 etiam
286 2414 431 2490 imagines
446 2412 571 2490 gemmis
594 2413 734 2489 pretiosis
763 2410 917 2471 distinctas
940 2409 1074 2489 praedati
1097 2403 1208 2493 sunt.⁶)
1255 2410 1357 2471 Balad·

177 2512 248 2572 huri
274 2517 375 2572 narrat
401 2509 524 2570 blaviam
553 2508 689 2568 chaliiam
713 2511 856 2588 imagines
879 2517 983 2588 postea
1006 2509 1222 2570 mercatoribus
1245 2509 1356 2570 Indicis

176 2601 387 2691 vendidisse.⁷)
443 2607 508 2668 Etsi
535 2625 594 2666 non
622 2605 749 2666 traditur
776 2605 956 2668 Graecorum
986 2608 1086 2685 copias
1115 2625 1183 2666 cum
1210 2606 1357 2668 Arabibus

178 2709 208 2767 in
251 2704 347 2766 insula
384 2708 447 2784 ipsa
483 2723 588 2765 manus
624 2707 826 2784 conseruisse,
863 2713 961 2765 tamen
993 2707 1203 2782 imperatorem
1236 2706 1357 2766 enixum

177 2823 244 2866 esse
269 2805 365 2864 conici
389 2811 493 2883 potest,
516 2810 550 2862 ut
572 2803 673 2864 hostes
697 2821 785 2881 quam
809 2803 966 2863 celerrime
988 2821 1004 2862 a
1023 2801 1168 2862 militibus
1192 2803 1255 2862 suis
1279 2804 1356 2862 eice-

178 2910 291 2964 rentur.
337 2900 447 2962 hrahes
470 2909 542 2961 tunc
565 2900 686 2979 quidem
707 2901 805 2961 Africa
828 2903 980 2980 provincia
1004 2918 1063 2960 non
1086 2902 1145 2960 iam
1168 2901 1255 2978 potiti
1278 2908 1356 2962 sunt.

177 3000 301 3061 llemum
325 2998 405 3060 cha
429 3017 505 3059 anno
525 2994 590 3059 670
619 2997 817 3060 dominatione
842 2998 1072 3060 christianorum
1096 2997 1229 3058 funditus
1254 3017 1357 3060 eversa

176 3098 305 3158 Africam
328 3098 454 3176 imperio
479 3095 601 3156 chalilae
625 3090 799 3181 adiunxit.⁸)

268 3195 478 3256 Constantinus
506 3196 668 3272 imperator
696 3197 862 3272 speravisse
890 3194 1008 3256 videtur
1035 3213 1067 3256 se
1096 3212 1131 3254 ex
1161 3194 1261 3255 Sicilia
1287 3213 1357 3274 pro·

177 3295 289 3356 sectum
312 3293 476 3373 Aegyptum
504 3309 681 3370 recuperare
710 3311 811 3372 posse3
840 3311 908 3352 nam
937 3311 1005 3352 eum
1034 3291 1107 3352 duas
1136 3292 1246 3353 classes
1270 3311 1356 3354 orna·

268 3512 293 3579 1)
312 3509 355 3562 En
373 3507 498 3563 Nowairi
517 3508 640 3578 (Slane)
659 3508 678 3560 l.
698 3525 721 3562 c.
741 3527 767 3577 p.
784 3513 835 3562 325
851 3509 916 3563 adn.
931 3515 962 3574 2;
981 3509 1119 3562 etloum.
1138 3509 1227 3562 Asioi.
1246 3509 1285 3561 III
1304 3525 1356 3563 ser.

177 3599 210 3644 11
230 3609 257 3660 p.
275 3595 326 3644 144
341 3590 404 3644 adn.
421 3595 445 3644 2.

268 3671 293 3738 2)
313 3669 355 3722 En
374 3669 497 3724 Noweiri
516 3669 535 3724 l.
555 3687 578 3724 c.
598 3688 625 3739 p.
641 3673 701 3723 326.
812 3673 838 3740 3)
857 3669 928 3724 Ibid.
948 3688 975 3740 p.
991 3675 1042 3723 326
1059 3669 1122 3724 adn.
1139 3675 1163 3724 3.

267 3752 294 3820 4)
312 3749 423 3803 Manui
442 3749 479 3804 Xl
498 3768 525 3819 p.
541 3755 574 3803 21
585 3768 625 3818 sq.
944 3743 945 3748 ¹

266 3833 293 3900 h)
313 3829 447 3885 Lebeau
465 3829 483 3884 l.
502 3847 524 3884 c.
540 3830 578 3882 XI
591 3848 619 3898 p.
636 3835 688 3902 395
702 3830 789 3884 verba
802 3830 983 3900 Theophanis
1002 3829 1118 3903 „Todcrp
1136 3835 1175 3901 τῷ
1195 3829 1249 3884 ἔτει
1268 3825 1356 3901 ᾐχμα-

179 3906 299 3980 λωτίσθη
318 3909 401 3980 μέρος
417 3918 467 3979 τῆς
485 3907 629 3976 Σικελίας,
653 3911 701 3964 καὶ
720 3908 883 3984 ᾠκίσθησαν
907 3911 937 3965 ἐν
956 3915 1099 3984 Δαμασκῷ
1112 3909 1226 3977 θελήσει
1244 3909 1355 3963 αὐτῶν*

176 3991 221 4044 ita
246 3992 448 4060 interpretatus
481 3993 535 4056 ost,
568 3992 600 4044 nt
627 3989 692 4044 illos
721 3990 828 4045 Siculos
856 3990 932 4045 ultro
960 3990 1067 4046 Arabes
1094 3993 1204 4044 secutos
1228 3988 1356 4044 Siciliam

176 4070 333 4126 deseruisse
356 4073 477 4124 censeat.
519 4071 557 4125 Aa
581 4087 638 4124 non
662 4069 851 4124 dubitandum
870 4071 1074 4139 emendetur,
1100 4069 1169 4137 quin
1193 4067 1304 4124 incolae
1327 4069 1356 4124 vi

176 4150 288 4222 abrepti
307 4152 371 4206 sint.
410 4151 466 4205 Sed
489 4151 529 4206 eis
554 4167 716 4206 concessum
734 4153 790 4220 est,
814 4167 886 4205 nova
906 4151 1051 4206 domicilia
1070 4149 1125 4204 sibi
1144 4149 1262 4220 eligere,
1282 4150 1356 4204 siout

177 4232 246 4286 olim
266 4231 374 4286 civibus
394 4231 482 4284 Aradi
501 4231 608 4301 oppidi.

266 4313 293 4382 6)
313 4311 355 4364 En
370 4309 495 4364 Noweiri
508 4310 526 4364 l.
542 4327 564 4366 o.
579 4329 606 4380 p.
623 4317 674 4365 326
690 4312 754 4366 adn.
770 4317 795 4364 3.

267 4393 294 4461 7)
312 4389 536 4445 Wellhauseu
554 4390 572 4444 l.
589 4408 611 4446 ε,
627 4411 654 4461 p.
671 4398 713 4446 14.

267 4474 295 4542 8)
312 4470 382 4526 lbid.
