3304 5098
748 332 968 398 ..58„.

359 516 402 576 Ex
430 515 529 576 verbis
557 517 746 595 imperatoris
774 533 843 576 eum
872 515 907 576 de
936 515 994 576 fide
1022 515 1151 576 militum
1178 515 1349 576 Italicorum
1377 517 1450 576 satis

271 613 450 676 dubitavisse
479 612 584 675 elucet.
630 615 725 693 Atque
754 631 824 674 sane
849 612 1060 674 Constantinus
1088 613 1204 692 habuit,
1233 612 1311 692 quod
1338 611 1450 672 Italicis

272 711 427 772 diffideret.
466 712 584 772 Etenim
608 731 667 772 non
691 711 784 772 multo
808 717 875 770 ante
898 709 1040 770 Mauricio
1065 710 1140 771 duce
1164 719 1266 771 contra
1288 711 1450 789 imperium

271 809 416 871 Graecum
441 809 663 870 rebellaverant.
700 809 861 869 Mauricius
881 807 1079 868 chartularius
1098 808 1282 888 temporibus
1301 806 1451 867 Theodori

270 927 362 988 papae
395 916 496 969 contra
524 907 651 968 isacium
683 908 854 986 patricium,
888 908 939 985 qui
971 914 1043 966 tuno
1075 906 1174 966 ltaliae
1207 906 1352 967 exarchus
1384 905 1450 983 fuit,

270 1005 415 1067 tumultus
443 1006 593 1085 conflavit,
621 1013 777 1085 postquam
806 1003 920 1064 iudices
944 1003 1090 1065 Romanos
1114 1012 1143 1064 et
1166 1011 1261 1065 totum
1285 1005 1450 1064 exercitum

270 1104 404 1165 ltalicum
427 1106 493 1164 inre
516 1103 641 1164 iurando
666 1103 723 1164 sibi
746 1103 912 1163 obstrinxit.
954 1101 1065 1162 Auctor
1087 1105 1163 1164 vitae
1187 1103 1336 1163 Theodori
1358 1121 1450 1182 papae

270 1195 336 1285 (lib.
359 1203 463 1281 pontis.
487 1202 500 1262 I
520 1222 548 1282 p.
570 1195 658 1286 178),
682 1221 740 1280 quo
763 1201 818 1260 hac
842 1203 873 1259 in
897 1219 929 1260 re
953 1200 1098 1261 narranda
1122 1201 1201 1261 fonte
1224 1204 1346 1280 utimur,
1370 1200 1450 1261 Mau·

271 1302 378 1361 rioium
411 1318 534 1378 regnum
568 1301 746 1378 appetivisse
770 1305 878 1358 narrat.
925 1298 1037 1358 isacius
1061 1318 1129 1358 cum
1153 1298 1189 1359 de
1213 1301 1278 1360 eins
1303 1299 1449 1360 seditione

270 1400 383 1458 certior
406 1399 499 1458 lactus
524 1405 612 1475 esset,
636 1397 751 1457 Donum
775 1399 950 1474 magistrum
974 1396 1103 1457 militum
1128 1416 1195 1457 oum
1215 1399 1308 1475 copiis
1327 1397 1449 1457 Romam

270 1497 365 1574 misit,
393 1504 426 1556 ut
454 1494 645 1556 rebellionem
675 1495 854 1573 profligaret.
901 1493 958 1564 Qui
982 1514 1050 1556 cum
1074 1495 1254 1574 advenisset,
1282 1495 1397 1556 iudices
1422 1503 1452 1555 et

270 1595 372 1673 copiae
396 1592 543 1654 Romanae
572 1611 647 1672 quae
676 1611 744 1652 cum
766 1591 907 1652 Mauricio
932 1593 1065 1653 fecerant
1087 1595 1193 1654 timore
1217 1597 1357 1654 commoti
1381 1611 1451 1653 con·

271 1695 426 1752 citatorum
454 1691 599 1752 tumultus
629 1690 826 1750 deseruerunt
850 1698 879 1750 et
902 1709 970 1750 cum
993 1690 1076 1751 Dono
1100 1691 1243 1751 fecerunt.
1289 1690 1450 1751 Mauricius

271 1793 335 1869 ipse
369 1789 405 1850 ad
438 1789 528 1850 altare
561 1788 700 1849 basilicae
728 1787 836 1848 Mariae
869 1807 927 1868 quo
956 1789 1129 1866 confugerat
1158 1789 1392 1868 comprehensus
1421 1795 1451 1848 et

271 1906 330 1949 una
362 1907 430 1948 cum
463 1890 566 1948 amicis
600 1889 748 1964 sociisque
782 1885 977 1946 sectatoribus
1010 1889 1146 1964 magistri
1176 1887 1303 1947 militum
1334 1886 1451 1946 deditus

271 1993 330 2064 est,
363 1988 414 2065 qui
448 1985 605 2046 seditiosos
637 1984 808 2044 Ravennam
840 1983 1039 2044 traducerent.
1091 1984 1233 2044 Mauricio
1266 1984 1386 2064 quidem
1419 1985 1451 2042 in

272 2085 380 2144 itinere
408 2083 496 2143 lsacii
524 2085 607 2143 iussu
637 2090 725 2160 caput
752 2084 921 2160 praecisum
950 2089 1007 2160 est,
1037 2101 1104 2141 cum
1133 2082 1243 2161 reliqui
1271 2076 1458 2161 supplicium¹

276 2182 450 2260 effugerent,
474 2184 543 2260 quia
566 2180 653 2259 paulo
677 2186 744 2258 post
766 2179 878 2240 Isacius
902 2180 1077 2240 interiectus
1102 2187 1147 2240 est
1171 2173 1211 2262 (a.
1231 2174 1354 2264 643).1)

361 2279 446 2339 Hunc
470 2279 630 2340 tumultum
655 2279 819 2355 respiciens
844 2277 1055 2338 Constantinus
1078 2277 1190 2356 habuit,
1215 2277 1292 2356 quod
1316 2275 1452 2356 Olympio

272 2379 474 2459 proficiscenti
502 2376 657 2437 mandaret
684 2374 773 2434 fidem
802 2377 953 2454 copiarum
981 2375 1152 2436 italicarum
1180 2377 1324 2454 experiri,
1352 2377 1451 2454 prius-

272 2497 361 2558 quam
389 2477 500 2556 aliquid
529 2484 631 2536 contra
658 2475 819 2536 Martinum
846 2493 952 2552 papam
980 2474 1150 2552 moliretur,
1177 2475 1354 2552 praesertim
1384 2492 1452 2533 cum

272 2579 301 2638 ei
334 2575 543 2636 coniciendum
578 2582 657 2635 esset
688 2573 813 2651 milites,
847 2590 974 2651 quorum
1006 2571 1142 2650 plerique
1173 2571 1331 2650 indigenae
1358 2571 1452 2632 ltalici

272 2675 390 2736 vinculo
419 2672 554 2734 eiusdem
584 2672 771 2732 ditheleticae
795 2670 864 2730 fidei
889 2689 957 2730 cum
981 2673 1121 2748 episeopo
1144 2669 1276 2729 Romano
1301 2670 1453 2729 coniuncti

273 2781 388 2850 essent,
416 2773 515 2850 potins
544 2769 579 2829 ab
603 2769 705 2848 huiuS,
738 2788 827 2848 quam
851 2769 1040 2846 imperatoris
1063 2767 1197 2846 partibus
1222 2775 1313 2846 stare,
1342 2768 1452 2846 quippe

272 2872 325 2950 qui
348 2880 416 2948 typo
441 2887 621 2929 succorum
645 2867 733 2928 fidem
757 2859 986 2948 impugnarent)

362 2967 403 3028 lie
437 2970 480 3027 eis
513 2966 616 3044 rebus,
649 2984 722 3044 quas
750 2964 903 3044 Olympius
935 2967 967 3024 in
994 2963 1077 3024 ltalia
1106 2967 1210 3042 gessit,
1244 2971 1347 3024 auctor
1374 2964 1451 3022 vitae

273 3065 393 3125 Martini
420 3065 491 3124 talia
514 3065 576 3124 fere
600 3057 743 3146 prodit.³)
791 3061 944 3141 Olympius
969 3081 1037 3122 cum
1060 3061 1185 3122 Romam
1208 3063 1335 3140 veniret,
1364 3079 1450 3139 syno-

274 3162 344 3224 dum
371 3170 463 3222 totam
492 3169 700 3240 congregatam
724 3163 845 3220 invenit.
891 3160 1051 3239 Postquam
1075 3161 1186 3220 frustra
1210 3158 1369 3219 concilium
1395 3157 1453 3218 dis-

274 3267 376 3320 cutere
410 3266 533 3318 conatus
566 3267 623 3336 est,
661 3277 767 3337 papam
800 3259 970 3318 interficere
1004 3257 1126 3318 studuit.
1183 3257 1241 3316 Sed
1274 3259 1364 3316 etiam
1396 3257 1453 3315 hoc

366 3485 390 3552 1)
411 3482 471 3548 Quo
490 3485 599 3536 mortuo
616 3481 817 3536 Constantinus
832 3482 987 3550 imperator
1000 3482 1178 3536 Theodorum
1193 3481 1339 3550 Caliopam
1353 3481 1453 3534 Italiae

274 3563 424 3618 exarchum
438 3563 583 3632 praefecit.
613 3562 653 3616 cf.
669 3563 716 3616 lib.
732 3562 901 3632 pontiilp.
914 3569 1027 3630 179,11.
1056 3563 1140 3632 Pagi
1155 3561 1191 3614 ad
1207 3578 1270 3614 ann.
1287 3567 1338 3614 643
1353 3579 1380 3630 p.
1392 3565 1452 3614 829.

365 3646 391 3713 2)
410 3643 472 3696 Huc
490 3643 594 3698 referre
608 3643 678 3696 mihi
692 3644 779 3698 liceat
793 3643 878 3697 verba
893 3641 1097 3712 Gregorovii
1117 3641 1226 3712 (Gasoh.
1242 3643 1268 3694 d.
1285 3641 1367 3695 Stadt
1381 3641 1453 3694 Rom

274 3727 292 3779 i.
312 3724 457 3778 Mittolalt.
484 3730 509 3778 4.
529 3723 600 3777 Aufl.
630 3723 655 3776 li
673 3743 700 3793 p.
718 3727 792 3793 143);
818 3723 904 3790 „Hier
926 3723 994 3776 fiillt
1017 3723 1064 3776 ein
1082 3723 1165 3776 Lieht
1185 3721 1303 3775 auidas
1322 3720 1454 3776 Verh'dlt-

274 3806 319 3860 nis
342 3804 428 3857 Romo
452 3821 515 3856 aum
538 3803 697 3858 Euarchen:
725 3803 824 3858 Dieser
846 3803 1016 3857 kaiserliche
1039 3803 1156 3856 Beamte
1183 3801 1276 3856 durfte
1300 3802 1346 3855 die
1370 3801 1454 3854 Stadt

274 3885 354 3940 nicht
378 3884 458 3938 mehr
483 3882 654 3936 willkiirlieh
681 3901 715 3936 nn
738 3883 898 3939 behandeln
923 3883 1032 3950 hoffen,
1058 3883 1117 3936 und
1141 3900 1204 3936 num
1223 3882 1374 3937 erstenmal
1393 3884 1453 3936 ent·

275 3965 384 4019 decken
402 3965 453 4018 wir
471 3964 535 4018 klar
552 3964 611 4017 und
631 3964 757 4018 deutlich
776 3965 823 4018 ein
836 3965 918 4032 Heer,
938 3964 1057 4018 welches
1077 3964 1138 4016 sich
1156 3979 1206 4017 aus
1227 3963 1281 4016 den
1301 3962 1454 4032 ongesehe-

275 4063 331 4100 nen
349 4047 475 4115 Biirgern
494 4045 553 4098 und
571 4044 753 4098 Possessoren
772 4044 814 4098 als
834 4044 911 4097 Milia
935 4043 1063 4114 gobildet
1081 4043 1170 4097 hatte.
1208 4043 1245 4096 Es
1265 4043 1389 4113 empling
1408 4042 1454 4096 dic

276 4125 464 4180 zweifelhofte
483 4125 623 4194 thnung
641 4141 694 4178 von
710 4123 950 4194 Constantinopel,
970 4125 1038 4178 aber
1057 4141 1085 4178 es
1104 4141 1162 4177 war
1180 4123 1452 4178 rational-rtmisoh.

276 4205 355 4260 Obne
375 4206 452 4260 seina
471 4205 667 4276 Zustimmung
685 4205 812 4258 erschien
836 4207 886 4259 der
904 4205 976 4258 Plan
994 4205 1043 4258 des
1063 4204 1209 4258 Exarohen
1227 4205 1306 4258 nieht
1325 4203 1454 4258 ausfiihr-

275 4287 334 4341 bar.
378 4285 417 4340 Cf.
439 4285 570 4354 Gelzer,
598 4285 650 4339 Die
680 4284 795 4340 Genesis
822 4286 872 4340 der
894 4285 1132 4354 Byzantinisohen
1155 4284 1453 4355 Themenverfassung.

276 4366 398 4436 Abhdlg.
414 4367 440 4420 d.
457 4367 545 4420 stubs.
562 4365 623 4420 Ges.
635 4366 662 4420 d.
673 4365 756 4419 Wiss.
787 4366 837 4420 Bd.
848 4372 891 4419 41.
919 4365 1107 4419 Philol-Hist.
1118 4365 1219 4418 Klasse
1231 4371 1272 4418 18.
1294 4371 1361 4419 1899
1372 4383 1399 4434 p.
1411 4371 1454 4418 26.

366 4449 392 4517 3)
411 4445 471 4500 Lib.
491 4446 592 4516 pontif.
612 4446 625 4498 Ι
644 4465 671 4516 p.
689 4451 747 4499 183.
