3304 5098
791 357 1013 422 „20-

402 539 501 601 Novus
531 542 701 619 imperator,
730 547 763 600 ut
785 538 955 600 Heraclium
982 546 1098 618 patrem
1126 542 1235 618 pietate
1260 539 1379 618 coleret,
1408 557 1492 600 coro·

314 655 391 716 nam,
414 658 502 718 quam
523 638 734 698 Constantinus
758 655 793 698 ex
818 637 955 716 sepulcro
977 637 1078 698 afferri
1097 640 1234 716 iusserat,
1257 639 1417 718 intemplo
1437 639 1492 699 deo

312 731 460 820 obtulir.¹)
507 737 544 796 Et
567 739 597 796 in
622 737 764 796 honorem
783 735 885 796 fratris
905 735 1036 796 defuncti
1054 735 1199 796 militibus
1219 735 1344 814 singulis
1363 736 1492 816 legatum

313 835 404 895 trium
428 854 583 895 nummum
608 835 765 913 scripsisse
791 828 943 917 dicitur.²)

402 931 459 992 Ubi
492 935 620 1012 primum
653 931 779 992 Martina
812 931 849 991 ad
881 934 926 992 rei
957 930 1093 1010 publicae
1126 931 1325 1010 gubernacula
1358 935 1492 1012 accessit,

312 1029 402 1090 alium
427 1050 547 1091 cursum
571 1033 667 1090 tenuit
690 1037 779 1108 atque
803 1038 1016 1090 antecessores.
1024 1023 1049 1113 ³)
1097 1028 1170 1090 Cum
1189 1029 1343 1090 Heraclius
1368 1038 1398 1090 et
1416 1030 1491 1091 Con·

313 1129 459 1189 stantinus
490 1128 569 1188 tilius
593 1130 672 1188 omni
697 1127 795 1188 studio
820 1127 856 1187 ad
879 1126 990 1188 bellum
1017 1135 1119 1188 contra
1138 1127 1287 1206 Agarenos
1311 1130 1342 1188 in
1361 1128 1492 1207 Aegypto

312 1225 475 1303 gerendum
506 1226 721 1304 incubuissent,
760 1225 885 1285 Martina
913 1227 1044 1304 sociique
1077 1225 1113 1284 ad
1136 1243 1240 1304 pacem
1265 1245 1332 1286 cum
1355 1226 1491 1287 hostibus

313 1322 477 1383 faciendam
496 1325 637 1402 propensi
657 1331 755 1403 erant3
778 1322 857 1382 haud
872 1325 933 1383 scio
948 1331 1048 1383 utrum
1064 1325 1249 1402 speraverint
1267 1325 1403 1402 pactione
1423 1343 1490 1384 cum

312 1419 458 1482 Arabibus
483 1421 557 1480 facta
582 1423 764 1496 provinciam
789 1419 869 1480 illam
893 1421 1161 1481 fructuosissimam
1180 1439 1240 1481 non
1259 1428 1350 1481 totam
1370 1420 1491 1482 Graecis

313 1521 455 1579 amissum
478 1520 529 1596 iri,
558 1537 608 1596 an,
637 1521 706 1597 quia
731 1537 812 1578 arma
836 1519 933 1578 civilia
957 1537 973 1578 a
997 1519 1150 1579 Valentino
1174 1521 1378 1598 imminerent,
1406 1527 1491 1598 puta·

312 1618 416 1693 verint,
441 1635 472 1676 se
497 1618 590 1694 copiis
614 1615 778 1695 Aegyptiis,
805 1635 880 1696 quae
904 1615 981 1676 bello
1005 1617 1140 1677 confecto
1164 1619 1358 1696 inpromptu
1382 1626 1490 1696 essent,

312 1713 348 1774 ad
381 1713 565 1774 adversarios
600 1713 776 1774 domesticos
809 1713 1024 1794 impugnandos
1056 1717 1101 1775 uti
1133 1733 1230 1793 posse.
1276 1715 1378 1794 ltaque
1407 1714 1491 1794 Cyro,

313 1813 422 1890 quippe
447 1830 534 1890 quem
554 1812 752 1890 patriarcham
772 1811 965 1872 Alexandriae
986 1806 1231 1896 restituissent4),
1255 1812 1342 1891 plena
1359 1815 1492 1892 potentia

312 1911 458 1970 instructo'
486 1909 714 1988 mandaverunt,
742 1917 775 1971 ut
802 1911 910 1988 pugnis
938 1911 1028 1970 finem
1057 1917 1202 1970 statueret
1234 1917 1263 1970 et
1290 1929 1393 1990 pacem
1423 1929 1491 1971 cum

311 2007 447 2068 hostibus
471 2010 569 2068 iniret.
620 2007 732 2078 Quodsi
755 2026 823 2068 enm
846 2015 1039 2086 monuerunt,
1062 2015 1096 2068 ut
1119 2027 1222 2068 curam
1245 2010 1415 2086 provinciae
1434 2010 1491 2069 rite

312 2104 562 2166 administrandae
587 2105 749 2184 adhiberet,
773 2113 806 2165 ut
824 2105 949 2166 loannes
974 2098 1107 2186 ruteni),
1132 2124 1256 2166 revera
1280 2115 1351 2166 tunc
1370 2105 1491 2184 quidem

312 2221 382 2281 spes
413 2203 543 2264 doluisse
573 2223 632 2264 non
663 2203 781 2264 videtur
810 2203 974 2282 Aegyptum
1006 2206 1190 2282 provinciam
1220 2202 1332 2264 Graeco
1365 2205 1490 2282 imperio

312 2303 424 2362 servari
439 2320 534 2380 posse.
568 2301 752 2380 Quamquam
767 2301 892 2361 Martina
908 2309 937 2361 et
952 2303 1039 2361 amici
1059 2304 1090 2361 in
1106 2304 1204 2362 animo
1218 2302 1366 2364 habebant
1379 2303 1490 2364 bellum

313 2417 503 2478 componere,
531 2407 629 2459 tamen
660 2418 717 2459 una
747 2417 815 2459 eum
839 2398 914 2478 Cyro
942 2400 1109 2478 patriarcha
1138 2401 1253 2479 copiae,
1283 2400 1391 2480 quibus
1416 2400 1490 2461 Con·
1525 2409 1527 2412 ’

312 2498 459 2558 stantinus
479 2497 608 2576 quidam,
630 2498 798 2576 praefectus
817 2497 949 2576 militiae,
972 2505 1117 2576 praeerat,
1140 2500 1173 2558 in
1195 2498 1359 2578 Aegyptum
1382 2501 1490 2559 missae

312 2589 428 2678 sunt⁶);
456 2594 546 2674 idque
571 2614 606 2678 er
630 2597 776 2655 sententia
800 2595 941 2656 Butleri
970 2588 1012 2677 (p.
1032 2590 1112 2679 307)
1146 2597 1254 2656 factum
1283 2595 1491 2658 esse-videtur

312 2709 347 2752 eo
378 2693 510 2771 consilio,
541 2701 574 2753 ut
603 2694 649 2753 his
682 2695 775 2772 copiis
805 2693 882 2753 bello
914 2693 993 2754 civili
1024 2701 1125 2754 exorto
1156 2701 1257 2772 partes
1285 2693 1428 2755 Martinae
1458 2697 1490 2754 in

311 2790 486 2851 Alexandria
510 2799 698 2869 augerentur.
1328 2793 1332 2800 '

400 2889 527 2950 Maxima
550 2891 706 2968 iniquitate
730 2889 855 2950 Martina
886 2891 1018 2968 sociique
1053 2891 1085 2950 in
1116 2908 1167 2950 eos
1192 2891 1243 2968 qui
1267 2909 1283 2950 a
1305 2897 1390 2968 parte
1415 2889 1489 2952 Con·

312 2989 434 3047 stantini
459 2987 590 3048 defuncti
610 2994 754 3048 steterant
771 2990 819 3048 usi
839 2995 916 3066 sunt,
941 3005 1068 3065 quorum
1087 2987 1196 3047 multos
1214 2987 1390 3048 verberibus
1410 2988 1488 3048 aliis-

312 3101 369 3162 que
398 3085 551 3164 suppliciis
580 3087 805 3164 castigaverunt.
852 3084 1033 3163 Philagrium
1062 3093 1174 3164 autem,
1200 3087 1366 3164 principem
1396 3089 1490 3164 partis

312 3180 512 3261 adversariae,
539 3190 695 3262 postquam
724 3185 872 3244 accusatio
896 3185 1007 3243 iniusta
1030 3185 1061 3242 in
1086 3201 1154 3243 eum
1179 3183 1302 3243 conflata
1323 3192 1376 3263 est,
1401 3185 1489 3246 exilio

311 3279 518 3340 multaverunt
527 3275 552 3364 ⁷)
608 3281 716 3341 loanne
754 3288 874 3341 auctore
906 3279 1086 3341 Heraclonas
1121 3273 1197 3362 (sive
1229 3279 1368 3360 Martina)
1401 3281 1490 3342 aedes

312 3395 412 3438 sacras
443 3378 610 3457 spoliandas
642 3381 755 3439 curavit
785 3378 1024 3458 largitionesque,
1056 3397 1129 3457 quas
1159 3377 1286 3457 populus
1315 3381 1489 3458 apristinis

312 3475 541 3554 imperatoribus
570 3478 704 3555 accipere
734 3476 838 3537 subtus
867 3484 943 3556 erat,
976 3475 1132 3556 suspendit
1160 3484 1190 3536 et
1216 3476 1370 3554 vectigalia
1399 3479 1489 3538 auxit.

312 3571 432 3633 Talibus
456 3573 622 3634 rationibus
641 3573 835 3635 Heraclonam
859 3583 889 3635 et
913 3577 976 3635 eius
1000 3581 1126 3634 matrem
1149 3575 1310 3634 maximum
1333 3577 1365 3635 in
1389 3575 1489 3636 odium

312 3669 487 3731 clericorum
518 3679 548 3730 et
578 3673 686 3731 civium
716 3673 834 3733 venisse
864 3692 923 3732 non
954 3679 1000 3732 est
1030 3671 1108 3750 quod
1140 3673 1293 3732 miremur.
1339 3672 1489 3751 lmprimis

402 3827 427 3892 1)
446 3823 564 3894 Nicepb.
583 3842 611 3893 p.
632 3829 793 3894 29,10sqq.

403 3911 428 3968 2)
448 3903 563 3959 Cedren.
582 3905 596 3958 1
613 3923 640 3974 p.
662 3911 721 3971 753,
742 3911 775 3958 18
786 3923 846 3974 sqq.

401 3988 427 4055 3)
447 3983 521 4049 Quid
540 3985 625 4039 verba
643 3985 758 4040 Ioannis
776 3985 838 4040 Nic.
859 4003 886 4055 p.
904 3991 956 4040 572
976 3985 1165 4054 „Heraclonas
1185 3987 1284 4040 senatu
1303 3987 1416 4040 auctore
1437 4027 1490 4043 ...

312 4065 467 4134 demotum,
498 4065 573 4132 quod
597 4081 614 4118 a
640 4064 824 4120 Constantino
852 4066 939 4120 fratre
963 4069 992 4121 et
1015 4065 1232 4135 imperatoribus
1256 4066 1489 4120 antecedentibus

311 4144 447 4214 scriptum
466 4147 526 4200 est“
546 4144 602 4198 sibi
619 4145 709 4200 velint
727 4147 829 4201 nescio.

401 4229 426 4293 4)
446 4224 564 4278 Ioannes
584 4224 645 4279 Nic.
665 4244 691 4296 p.
712 4232 772 4280 572.
808 4226 926 4296 Nicepb.
946 4245 974 4296 p.
994 4232 1036 4294 29,
1053 4231 1093 4280 13.
