3304 5098
710 267 984 372 -29-’

231 491 417 552 Valentinum
446 491 638 552 rebellantem
667 493 799 551 exercitu
828 509 894 552 esse
922 494 1024 552 nixum
1053 491 1164 552 Sebeos
1187 490 1287 570 prodit
1308 489 1408 550 verbis

231 583 325 674 his¹):
344 590 529 669 „conciliavit
548 590 605 650 sibi
624 592 681 650 tria
700 588 781 650 milia
799 588 987 668 hoplitarum,
1007 608 1081 670 quos
1101 608 1202 650 secum
1223 589 1313 668 duxit,
1332 586 1407 650 mul·

231 695 336 767 tosque
365 689 438 748 alios
461 689 584 768 milites,
615 688 714 749 ethis
738 689 825 748 nixus
850 686 920 748 est“.
967 688 1055 749 Teste
1078 681 1220 772 loannel)
1244 703 1407 766 purpuram

232 789 377 866 sumpsit..
428 785 469 847 De
512 789 593 848 exitu
633 787 836 864 usurpationis
879 786 976 847 sontes
1012 804 1192 865 magnopere
1231 785 1407 864 discrepant.

233 884 345 946 Sebeos
374 893 476 945 narrat
500 885 588 944 haee:
618 883 791 944 Valentinus
820 884 934 944 civibus
958 884 1106 963 Byzantiis
1129 886 1231 962 iugum
1256 883 1408 944 servitutis

231 999 320 1060 grave
345 984 485 1060 iniunxit,
513 991 547 1042 ut
570 981 757 1043 rebellarent.
804 981 1012 1042 Convenerunt
1035 1001 1102 1043 curn
1126 981 1216 1041 Paulo
1240 979 1407 1060 patriarcha

231 1081 261 1138 in
282 1078 419 1140 Sanctam
440 1078 579 1158 Sophiam
604 1085 634 1139 et
654 1080 824 1157 petiverunt
843 1099 857 1138 a
877 1077 1039 1156 Valentino,
1062 1087 1096 1138 ut
1115 1097 1166 1138 eos
1186 1081 1327 1139 servitute
1347 1080 1407 1138 exi-

231 1185 334 1238 meret.
376 1177 549 1238 Valentinus
569 1184 667 1237 autem
687 1194 747 1237 non
766 1176 853 1236 modo
872 1176 1012 1255 precibus
1032 1177 1150 1237 illorum
1170 1195 1229 1238 non
1249 1176 1407 1236 obsecutus

231 1283 289 1353 est,
316 1278 406 1336 immo
430 1278 528 1354 potius
551 1275 711 1336 Antonium
735 1273 864 1352 legatum
889 1294 956 1335 oum
980 1275 1061 1336 mille
1085 1275 1230 1336 militibus
1253 1277 1347 1354 misit,
1375 1281 1409 1334 ut

232 1375 400 1433 contionem
429 1375 537 1434 civium
567 1371 748 1432 dissolveret.
796 1371 852 1443 Qui
880 1381 1037 1452 postquam
1063 1375 1094 1433 in
1123 1373 1227 1434 aedem
1255 1375 1348 1451 venit,
1377 1374 1407 1430 in

230 1470 432 1531 nobilissimos
452 1470 554 1550 plagas
576 1470 713 1548 indigere
737 1473 842 1550 eoepit
890 1471 962 1532 Cum
987 1478 1085 1532 autem
1110 1473 1199 1532 etiam
1222 1469 1407 1550 patriarchae

232 1567 331 1648 alapas
355 1568 500 1646 duxisset,
528 1570 638 1646 quippe
667 1571 719 1646 qui
748 1567 812 1630 eius
838 1570 952 1630 lacinus
976 1569 1135 1630 scelestum
1159 1567 1408 1647 reprehendisset,

230 1665 357 1745 populus
375 1668 450 1727 iram
470 1684 630 1744 erumpens
648 1665 809 1726 Antonium
828 1667 986 1746 prehendit
1005 1676 1035 1728 et
1058 1667 1154 1728 media
1177 1669 1209 1728 in
1232 1666 1307 1728 urbe
1328 1685 1407 1728 com·

230 1762 335 1824 hussit.
382 1762 446 1833 Quo
479 1764 556 1824 lacto
589 1766 678 1824 etiam
706 1765 892 1824 Valentinum
931 1773 1048 1844 captum
1086 1767 1148 1844 igni
1184 1758 1406 1847 necaverunt.⁸)

231 1861 356 1922 loannes
394 1879 461 1922 cum
500 1861 595 1922 Sebeo
638 1863 749 1923 iaciens
789 1862 889 1942 prodit
930 1861 1269 1942 Constantinopolitanos
1306 1871 1408 1924 contra

230 1966 389 2037 tyrannum
409 1959 577 2021 rebellasse.
615 1960 654 2020 Ut
672 1959 792 2038 SebeoS,
812 1962 853 2020 ita
872 1961 961 2020 etiam
976 1960 1170 2039 Theophanes
1189 1968 1292 2020 narrat
1304 1959 1407 2020 Valen-

230 2059 325 2118 tinum
359 2066 430 2118 tunc
462 2056 582 2136 quidem
616 2059 807 2118 interiectum
841 2077 915 2119 esse.
967 2057 1047 2128 Quos
1080 2066 1183 2118 eontra
1214 2058 1338 2118 loannes
1372 2057 1408 2118 de

230 2156 312 2215 exitu
341 2154 512 2216 rebellionis
539 2158 656 2234 patricii
686 2155 755 2215 talla
783 2156 887 2216 relert:
917 2155 1108 2234 „Valentinus
1137 2164 1240 2236 captus
1268 2157 1305 2216 ad
1333 2155 1407 2216 Con·

230 2261 357 2314 stantem
387 2255 598 2332 imperatorem
629 2253 774 2314 adductus
798 2261 851 2332 est,
882 2273 981 2315 coram
1005 2275 1062 2335 quo
1091 2255 1304 2316 iureiurando
1328 2255 1407 2314 altir-

229 2353 321 2411 mavit
344 2370 375 2412 se
399 2351 474 2412 nibil
497 2350 567 2412 mali
590 2351 690 2412 moliri
714 2359 744 2412 et
762 2351 830 2412 talia
855 2353 930 2413 lacta
955 2372 1020 2414 esse
1043 2361 1209 2433 propterea,
1233 2353 1311 2432 quod
1339 2371 1407 2414 oum

229 2447 375 2510 Archibus
394 2467 527 2528 pugnare
550 2449 647 2510 vellet.
685 2448 749 2520 Quo
769 2450 847 2510 lacto
866 2448 1009 2510 liberatus
1029 2459 1059 2511 et
1077 2453 1221 2512 exercitui
1239 2449 1407 2529 praelectus

230 2553 284 2606 est.
330 2547 425 2626 Atque
449 2546 593 2608 Constans
617 2566 685 2608 eum
709 2547 863 2607 Valentino
886 2549 1053 2625 pactionem
1078 2550 1153 2627 iniit,
1184 2567 1241 2627 qua
1265 2549 1406 2608 constitu·

230 2652 293 2704 tum
312 2651 366 2723 est,
385 2652 419 2706 ut
437 2647 580 2723 patricius
599 2647 773 2724 imperatori
792 2644 883 2704 liliam
902 2646 933 2704 in
952 2646 1173 2705 matrimonium
1194 2645 1283 2705 daret
1325 2643 1406 2715 Quae

230 2751 298 2820 post
321 2745 440 2821 nuptias
464 2743 594 2821 Augusta
617 2749 786 2820 nuncupata
811 2739 885 2802 est.“
930 2741 984 2802 Cui
1007 2742 1124 2802 loannis
1147 2743 1312 2802 narrationi
1334 2761 1406 2804 num

230 2838 304 2900 fides
329 2838 481 2919 debeatur,
511 2839 673 2900 diiudicare
696 2858 756 2899 non
781 2839 884 2918 audeo,
913 2859 981 2900 oum
1005 2842 1104 2918 gravia
1127 2841 1294 2900 testimonia
1319 2839 1407 2902 Sebei

230 2944 260 2996 et
283 2936 480 3016 Theophanis,
509 2957 634 3017 quorum
662 2943 789 3017 uterque
811 2937 999 2998 Valentinum
1027 2938 1217 2998 interiectum
1245 2957 1311 2998 esse
1339 2957 1407 3018 pro-

230 3034 285 3113 dit,
309 3033 436 3096 obstent
483 3034 535 3095 Sin
559 3043 657 3096 autem
681 3037 800 3098 loannis
823 3036 922 3097 verbis
945 3055 1048 3097 verum
1073 3035 1208 3114 traditur,
1232 3039 1284 3116 qui
1306 3045 1408 3096 narrat

229 3134 396 3210 pactionem
415 3151 431 3194 a
451 3133 644 3194 Constantino
669 3153 736 3196 cum
755 3133 909 3196 Valentino
933 3153 999 3195 esse
1024 3136 1130 3196 laetam
1149 3142 1179 3196 et
1196 3137 1406 3214 imperatorem

230 3229 320 3290 filiam
349 3233 535 3309 usurpatoris
559 3233 590 3290 in
612 3234 836 3293 matrimonium
866 3233 999 3312 duxisse,
1027 3235 1126 3312 putari
1153 3251 1211 3292 non
1235 3239 1334 3311 potest
1356 3251 1406 3310 pa·

229 3329 348 3389 tricium
372 3330 493 3389 omnino
517 3329 611 3390 libero
633 3331 824 3409 imperatoris
847 3330 971 3390 arbitrio
994 3333 1174 3409 permissum
1199 3337 1228 3390 et
1251 3332 1336 3409 quasi
1361 3348 1406 3390 re·

229 3425 387 3486 bellantem
412 3428 598 3486 aestimatum
622 3435 653 3488 et
675 3435 834 3489 tractatum
854 3447 929 3490 esse.
975 3427 1060 3489 Haud
1084 3430 1145 3488 scio
1164 3447 1201 3487 an
1226 3426 1406 3507 Valentinus,

229 3543 297 3586 oum
320 3523 448 3603 populus
477 3531 578 3584 contra
607 3526 671 3585 eius
701 3525 930 3586 dominationem
958 3527 1136 3604 insurgeret,
1164 3524 1261 3586 locunt
1289 3528 1407 3604 tyranni

229 3639 289 3682 non
313 3624 371 3681 iam
395 3623 525 3682 retinere
549 3624 687 3701 potnerit,
711 3641 746 3683 ex
774 3623 865 3684 altera
890 3631 988 3684 autem
1012 3631 1095 3702 parte
1120 3625 1303 3684 etiamtunc
1328 3630 1406 3684 tanta

228 3720 361 3798 potentia
384 3719 483 3797 luerit,
506 3727 540 3779 ut
563 3721 724 3797 imperator
746 3721 793 3781 vel
812 3723 848 3800 ei,
873 3723 924 3800 qui
944 3723 1008 3782 eius
1027 3739 1145 3782 causam
1166 3729 1298 3800 egerunt,
1321 3738 1406 3799 prae·

230 3817 344 3877 lerrent
371 3817 474 3896 aequis
502 3816 726 3878 condicionibus
750 3837 818 3879 cum
841 3819 892 3879 illo
915 3821 1027 3898 pacisci
1051 3827 1081 3880 et
1104 3822 1132 3879 ei
1155 3818 1305 3898 complura
1336 3836 1406 3878 con·

230 3913 345 3992 cedere,
369 3933 395 3974 e.
414 3933 441 3993 g.
465 3933 610 3976 summam
634 3917 752 3995 imperii
777 3913 934 3978 exercitus.

229 4093 326 4162 Sebeo,
345 4095 395 4162 qni
414 4096 642 4164 contemporanei
663 4097 821 4150 accuratius
842 4097 877 4150 de
900 4096 952 4151 hac
969 4097 1152 4166 usurpatione
1167 4099 1293 4166 egerunt,
1317 4113 1405 4166 appa-

228 4175 272 4228 ret
289 4174 364 4228 hunc
382 4175 542 4244 patricium,
561 4191 645 4243 quem
659 4175 845 4245 Theophanes
861 4175 1090 4230 Valentinianum
1104 4177 1239 4244 nominat,
1259 4193 1319 4230 esse
1339 4194 1407 4232 eun-

229 4254 293 4308 dem
316 4253 506 4324 Valentinum,
530 4255 579 4322 qui
601 4271 692 4324 nuper
714 4260 813 4311 contra
836 4256 988 4312 Martinam
1012 4259 1040 4312 ot
1058 4255 1244 4311 Heraelonam
1267 4256 1405 4312 tumultus

228 4337 467 4486 movertt'Sebeos
485 4433 512 4484 p.
535 4420 592 4470 105.
716 4421 742 4486 2)
761 4417 880 4474 Ioannes
899 4437 926 4488 p.
946 4425 1007 4474 682.
1129 4423 1155 4475 ai
1176 4419 1277 4474 Sabeon
1296 4437 1323 4488 p.
1345 4423 1404 4472 lob.
