<?xml version="1.0" encoding="UTF-8"?>
<!DOCTYPE html PUBLIC "-//W3C//DTD XHTML 1.0 Transitional//EN"
    "http://www.w3.org/TR/xhtml1/DTD/xhtml1-transitional.dtd">
<html xmlns="http://www.w3.org/1999/xhtml" xml:lang="en" lang="en">
 <head>
  <title>
</title>
<meta http-equiv="Content-Type" content="text/html;charset=utf-8" />
  <meta name='ocr-system' content='tesseract 3.04.00' />
  <meta name='ocr-capabilities' content='ocr_page ocr_carea ocr_par ocr_line ocrx_word'/>
</head>
<body>
  <div class='ocr_page' id='page_1' title='image "./deimperioconsta00kaesgoog_0064.png"; bbox 0 0 3304 5098; ppageno 0'>
   <div class='ocr_carea' id='block_1_1' title="bbox 674 343 895 409">
    <p class='ocr_par' dir='ltr' id='par_1_1' title="bbox 674 343 895 409">
     <span class='ocr_line' id='line_1_1' title="bbox 674 343 895 409; baseline 0.005 -19"><span class='ocrx_word' id='word_1_1' title='bbox 674 343 895 409; x_wconf 64' lang='lat'><strong>„59-</strong></span> 
     </span>
    </p>
   </div>
   <div class='ocr_carea' id='block_1_2' title="bbox 190 524 1374 4227">
    <p class='ocr_par' dir='ltr' id='par_1_2' title="bbox 194 524 1373 1190">
     <span class='ocr_line' id='line_1_2' title="bbox 195 524 1373 606; baseline 0.004 -22"><span class='ocrx_word' id='word_1_2' title='bbox 195 524 352 585; x_wconf 89' lang='lat' dir='ltr'><strong>consilium</strong></span> <span class='ocrx_word' id='word_1_3' title='bbox 386 525 422 585; x_wconf 94' lang='lat' dir='ltr'><strong>ad</strong></span> <span class='ocrx_word' id='word_1_4' title='bbox 455 527 573 586; x_wconf 90' lang='lat' dir='ltr'><strong>irritum</strong></span> <span class='ocrx_word' id='word_1_5' title='bbox 607 525 722 586; x_wconf 91' lang='lat' dir='ltr'><strong>cecidit.</strong></span> <span class='ocrx_word' id='word_1_6' title='bbox 773 525 847 586; x_wconf 93' lang='lat' dir='ltr'><strong>Nam</strong></span> <span class='ocrx_word' id='word_1_7' title='bbox 880 526 1030 605; x_wconf 76' lang='lat' dir='ltr'>spathario</span> <span class='ocrx_word' id='word_1_8' title='bbox 1064 546 1116 587; x_wconf 91' lang='lat' dir='ltr'><strong>suo</strong></span> <span class='ocrx_word' id='word_1_9' title='bbox 1146 528 1306 606; x_wconf 90' lang='lat' dir='ltr'><strong>mandavit,</strong></span> <span class='ocrx_word' id='word_1_10' title='bbox 1340 535 1373 589; x_wconf 93' lang='lat' dir='ltr'><strong>ut</strong></span> 
     </span>
     <span class='ocr_line' id='line_1_3' title="bbox 194 622 1373 704; baseline 0.003 -21"><span class='ocrx_word' id='word_1_11' title='bbox 194 622 354 683; x_wconf 89' lang='lat' dir='ltr'><strong>Martinum</strong></span> <span class='ocrx_word' id='word_1_12' title='bbox 377 624 408 682; x_wconf 94' lang='lat' dir='ltr'><strong>in</strong></span> <span class='ocrx_word' id='word_1_13' title='bbox 433 623 542 703; x_wconf 90' lang='lat' dir='ltr'><strong>templo</strong></span> <span class='ocrx_word' id='word_1_14' title='bbox 567 624 595 684; x_wconf 87' lang='lat' dir='ltr'><strong>S.</strong></span> <span class='ocrx_word' id='word_1_15' title='bbox 619 623 728 684; x_wconf 88' lang='lat' dir='ltr'><strong>Mariae</strong></span> <span class='ocrx_word' id='word_1_16' title='bbox 752 623 788 683; x_wconf 94' lang='lat' dir='ltr'><strong>ad</strong></span> <span class='ocrx_word' id='word_1_17' title='bbox 811 642 973 703; x_wconf 90' lang='lat' dir='ltr'><strong>praesaepe</strong></span> <span class='ocrx_word' id='word_1_18' title='bbox 996 623 1092 703; x_wconf 89' lang='lat' dir='ltr'><strong>gladio</strong></span> <span class='ocrx_word' id='word_1_19' title='bbox 1116 625 1322 704; x_wconf 84' lang='lat' dir='ltr'><strong>transfoderet,</strong></span> <span class='ocrx_word' id='word_1_20' title='bbox 1347 629 1373 686; x_wconf 89' lang='lat' dir='ltr'><strong>si</strong></span> 
     </span>
     <span class='ocr_line' id='line_1_4' title="bbox 197 720 1373 800; baseline 0.003 -20"><span class='ocrx_word' id='word_1_21' title='bbox 197 720 342 782; x_wconf 83' lang='lat' dir='ltr'><strong>exarchus</strong></span> <span class='ocrx_word' id='word_1_22' title='bbox 371 721 564 800; x_wconf 77' lang='lat' dir='ltr'><strong>apud=altare</strong></span> <span class='ocrx_word' id='word_1_23' title='bbox 588 741 624 782; x_wconf 88' lang='lat' dir='ltr'><strong>ex</strong></span> <span class='ocrx_word' id='word_1_24' title='bbox 647 721 785 782; x_wconf 89' lang='lat' dir='ltr'><strong>manibus</strong></span> <span class='ocrx_word' id='word_1_25' title='bbox 809 740 901 800; x_wconf 81' lang='lat' dir='ltr'><strong>papae</strong></span> <span class='ocrx_word' id='word_1_26' title='bbox 925 740 1030 783; x_wconf 90' lang='lat' dir='ltr'><strong>cenam</strong></span> <span class='ocrx_word' id='word_1_27' title='bbox 1054 722 1102 782; x_wconf 93' lang='lat' dir='ltr'><strong>dei</strong></span> <span class='ocrx_word' id='word_1_28' title='bbox 1126 731 1267 784; x_wconf 77' lang='lat' dir='ltr'><strong>sumeret.</strong></span> <span class='ocrx_word' id='word_1_29' title='bbox 1314 723 1373 784; x_wconf 92' lang='lat' dir='ltr'><strong>Sed</strong></span> 
     </span>
     <span class='ocr_line' id='line_1_5' title="bbox 195 817 1373 900; baseline 0.003 -22"><span class='ocrx_word' id='word_1_30' title='bbox 195 835 263 878; x_wconf 91' lang='lat' dir='ltr'><strong>cum</strong></span> <span class='ocrx_word' id='word_1_31' title='bbox 287 817 455 896; x_wconf 80' lang='lat' dir='ltr'><strong>spatharius</strong></span> <span class='ocrx_word' id='word_1_32' title='bbox 478 818 593 879; x_wconf 88' lang='lat' dir='ltr'><strong>lacinus</strong></span> <span class='ocrx_word' id='word_1_33' title='bbox 617 821 803 880; x_wconf 91' lang='lat' dir='ltr'><strong>committere</strong></span> <span class='ocrx_word' id='word_1_34' title='bbox 826 818 924 899; x_wconf 92' lang='lat' dir='ltr'><strong>vellet,</strong></span> <span class='ocrx_word' id='word_1_35' title='bbox 948 827 1120 881; x_wconf 87' lang='lat' dir='ltr'><strong>occaecatus</strong></span> <span class='ocrx_word' id='word_1_36' title='bbox 1139 828 1192 900; x_wconf 92' lang='lat' dir='ltr'><strong>est,</strong></span> <span class='ocrx_word' id='word_1_37' title='bbox 1215 830 1249 881; x_wconf 92' lang='lat' dir='ltr'><strong>ut</strong></span> <span class='ocrx_word' id='word_1_38' title='bbox 1267 840 1373 900; x_wconf 92' lang='lat' dir='ltr'><strong>papam</strong></span> 
     </span>
     <span class='ocr_line' id='line_1_6' title="bbox 195 915 1373 997; baseline 0.004 -23"><span class='ocrx_word' id='word_1_39' title='bbox 195 917 368 994; x_wconf 81' lang='lat' dir='ltr'><strong>conspicere</strong></span> <span class='ocrx_word' id='word_1_40' title='bbox 392 934 451 976; x_wconf 94' lang='lat' dir='ltr'><strong>non</strong></span> <span class='ocrx_word' id='word_1_41' title='bbox 476 925 584 995; x_wconf 90' lang='lat' dir='ltr'><strong>posset.</strong></span> <span class='ocrx_word' id='word_1_42' title='bbox 631 915 784 977; x_wconf 81' lang='lat' dir='ltr'><strong>Exarchus</strong></span> <span class='ocrx_word' id='word_1_43' title='bbox 808 937 876 978; x_wconf 91' lang='lat' dir='ltr'><strong>cum</strong></span> <span class='ocrx_word' id='word_1_44' title='bbox 900 917 1057 978; x_wconf 92' lang='lat' dir='ltr'><strong>consilium</strong></span> <span class='ocrx_word' id='word_1_45' title='bbox 1081 937 1167 978; x_wconf 92' lang='lat' dir='ltr'><strong>suum</strong></span> <span class='ocrx_word' id='word_1_46' title='bbox 1191 919 1373 997; x_wconf 81' lang='lat' dir='ltr'><strong>perfractum</strong></span> 
     </span>
     <span class='ocr_line' id='line_1_7' title="bbox 195 1012 1373 1095; baseline 0.006 -25"><span class='ocrx_word' id='word_1_47' title='bbox 195 1012 323 1092; x_wconf 87' lang='lat' dir='ltr'><strong>videret,</strong></span> <span class='ocrx_word' id='word_1_48' title='bbox 351 1012 478 1073; x_wconf 89' lang='lat' dir='ltr'><strong>Martino</strong></span> <span class='ocrx_word' id='word_1_49' title='bbox 507 1015 618 1092; x_wconf 90' lang='lat' dir='ltr'><strong>omnia,</strong></span> <span class='ocrx_word' id='word_1_50' title='bbox 647 1033 722 1092; x_wconf 91' lang='lat' dir='ltr'><strong>quae</strong></span> <span class='ocrx_word' id='word_1_51' title='bbox 751 1017 779 1075; x_wconf 91' lang='lat' dir='ltr'><strong>ci</strong></span> <span class='ocrx_word' id='word_1_52' title='bbox 806 1017 950 1094; x_wconf 89' lang='lat' dir='ltr'><strong>imperata</strong></span> <span class='ocrx_word' id='word_1_53' title='bbox 978 1025 1074 1095; x_wconf 89' lang='lat' dir='ltr'><strong>erant,</strong></span> <span class='ocrx_word' id='word_1_54' title='bbox 1103 1018 1220 1095; x_wconf 87' lang='lat' dir='ltr'><strong>aperuit</strong></span> <span class='ocrx_word' id='word_1_55' title='bbox 1248 1024 1277 1077; x_wconf 92' lang='lat' dir='ltr'><strong>et</strong></span> <span class='ocrx_word' id='word_1_56' title='bbox 1305 1036 1373 1077; x_wconf 92' lang='lat' dir='ltr'><strong>cum</strong></span> 
     </span>
     <span class='ocr_line' id='line_1_8' title="bbox 194 1111 498 1190; baseline -0.007 -18"><span class='ocrx_word' id='word_1_57' title='bbox 194 1129 269 1190; x_wconf 91' lang='lat' dir='ltr'><strong>papa</strong></span> <span class='ocrx_word' id='word_1_58' title='bbox 292 1129 395 1190; x_wconf 86' lang='lat' dir='ltr'><strong>pacem</strong></span> <span class='ocrx_word' id='word_1_59' title='bbox 419 1111 498 1171; x_wconf 85' lang='lat' dir='ltr'><strong>fecit.</strong></span> 
     </span>
    </p>

    <p class='ocr_par' dir='ltr' id='par_1_3' title="bbox 192 1208 1374 2367">
     <span class='ocr_line' id='line_1_9' title="bbox 283 1208 1373 1290; baseline 0.004 -22"><span class='ocrx_word' id='word_1_60' title='bbox 283 1208 344 1269; x_wconf 91' lang='lat' dir='ltr'><strong>llac</strong></span> <span class='ocrx_word' id='word_1_61' title='bbox 359 1217 457 1270; x_wconf 87' lang='lat' dir='ltr'><strong>autem</strong></span> <span class='ocrx_word' id='word_1_62' title='bbox 471 1209 692 1269; x_wconf 84' lang='lat' dir='ltr'><strong>narratiuncula</strong></span> <span class='ocrx_word' id='word_1_63' title='bbox 707 1227 893 1288; x_wconf 89' lang='lat' dir='ltr'><strong>nequaquam</strong></span> <span class='ocrx_word' id='word_1_64' title='bbox 909 1230 957 1271; x_wconf 87' lang='lat' dir='ltr'><strong>res</strong></span> <span class='ocrx_word' id='word_1_65' title='bbox 972 1219 1072 1290; x_wconf 87' lang='lat' dir='ltr'><strong>gestae</strong></span> <span class='ocrx_word' id='word_1_66' title='bbox 1092 1211 1179 1290; x_wconf 91' lang='lat' dir='ltr'><strong>plene</strong></span> <span class='ocrx_word' id='word_1_67' title='bbox 1198 1220 1373 1290; x_wconf 85' lang='lat' dir='ltr'><strong>tractantur,</strong></span> 
     </span>
     <span class='ocr_line' id='line_1_10' title="bbox 195 1308 1373 1388; baseline 0.003 -22"><span class='ocrx_word' id='word_1_68' title='bbox 195 1308 264 1386; x_wconf 93' lang='lat' dir='ltr'><strong>quia</strong></span> <span class='ocrx_word' id='word_1_69' title='bbox 288 1309 461 1386; x_wconf 90' lang='lat' dir='ltr'><strong>gravissima</strong></span> <span class='ocrx_word' id='word_1_70' title='bbox 485 1326 628 1386; x_wconf 88' lang='lat' dir='ltr'><strong>quaeque,</strong></span> <span class='ocrx_word' id='word_1_71' title='bbox 653 1325 727 1386; x_wconf 93' lang='lat' dir='ltr'><strong>quac</strong></span> <span class='ocrx_word' id='word_1_72' title='bbox 750 1315 822 1367; x_wconf 94' lang='lat' dir='ltr'><strong>tnnc</strong></span> <span class='ocrx_word' id='word_1_73' title='bbox 846 1309 877 1366; x_wconf 91' lang='lat' dir='ltr'><strong>in</strong></span> <span class='ocrx_word' id='word_1_74' title='bbox 896 1308 978 1368; x_wconf 94' lang='lat' dir='ltr'><strong>ltalia</strong></span> <span class='ocrx_word' id='word_1_75' title='bbox 997 1309 1043 1368; x_wconf 90' lang='lat' dir='ltr'><strong>vel</strong></span> <span class='ocrx_word' id='word_1_76' title='bbox 1061 1309 1171 1369; x_wconf 89' lang='lat' dir='ltr'><strong>Romae</strong></span> <span class='ocrx_word' id='word_1_77' title='bbox 1192 1309 1373 1388; x_wconf 90' lang='lat' dir='ltr'><strong>acciderunt,</strong></span> 
     </span>
     <span class='ocr_line' id='line_1_11' title="bbox 195 1404 1373 1486; baseline 0.003 -22"><span class='ocrx_word' id='word_1_78' title='bbox 195 1404 313 1464; x_wconf 92' lang='lat' dir='ltr'><strong>silentio</strong></span> <span class='ocrx_word' id='word_1_79' title='bbox 341 1407 551 1484; x_wconf 88' lang='lat' dir='ltr'><strong>praetermissa</strong></span> <span class='ocrx_word' id='word_1_80' title='bbox 580 1413 657 1465; x_wconf 89' lang='lat' dir='ltr'><strong>sunt.</strong></span> <span class='ocrx_word' id='word_1_81' title='bbox 703 1405 799 1484; x_wconf 82' lang='lat' dir='ltr'><strong>Atque</strong></span> <span class='ocrx_word' id='word_1_82' title='bbox 822 1405 878 1465; x_wconf 92' lang='lat' dir='ltr'><strong>hoc</strong></span> <span class='ocrx_word' id='word_1_83' title='bbox 901 1424 961 1466; x_wconf 93' lang='lat' dir='ltr'><strong>non</strong></span> <span class='ocrx_word' id='word_1_84' title='bbox 985 1409 1141 1485; x_wconf 88' lang='lat' dir='ltr'><strong>miramur,</strong></span> <span class='ocrx_word' id='word_1_85' title='bbox 1170 1425 1238 1467; x_wconf 88' lang='lat' dir='ltr'><strong>cum</strong></span> <span class='ocrx_word' id='word_1_86' title='bbox 1262 1414 1373 1486; x_wconf 84' lang='lat' dir='ltr'><strong>auctor,</strong></span> 
     </span>
     <span class='ocr_line' id='line_1_12' title="bbox 195 1501 1373 1582; baseline 0.002 -20"><span class='ocrx_word' id='word_1_87' title='bbox 195 1504 246 1581; x_wconf 92' lang='lat' dir='ltr'><strong>qui</strong></span> <span class='ocrx_word' id='word_1_88' title='bbox 270 1504 335 1562; x_wconf 90' lang='lat' dir='ltr'><strong>sine</strong></span> <span class='ocrx_word' id='word_1_89' title='bbox 360 1502 449 1562; x_wconf 94' lang='lat' dir='ltr'><strong>dubio</strong></span> <span class='ocrx_word' id='word_1_90' title='bbox 472 1521 578 1581; x_wconf 91' lang='lat' dir='ltr'><strong>papam</strong></span> <span class='ocrx_word' id='word_1_91' title='bbox 601 1501 684 1562; x_wconf 91' lang='lat' dir='ltr'><strong>valde</strong></span> <span class='ocrx_word' id='word_1_92' title='bbox 708 1511 865 1563; x_wconf 89' lang='lat' dir='ltr'><strong>veneratus</strong></span> <span class='ocrx_word' id='word_1_93' title='bbox 889 1511 942 1582; x_wconf 90' lang='lat' dir='ltr'><strong>est,</strong></span> <span class='ocrx_word' id='word_1_94' title='bbox 966 1507 1078 1565; x_wconf 87' lang='lat' dir='ltr'><strong>veritus</strong></span> <span class='ocrx_word' id='word_1_95' title='bbox 1103 1506 1142 1565; x_wconf 94' lang='lat' dir='ltr'><strong>sit</strong></span> <span class='ocrx_word' id='word_1_96' title='bbox 1161 1523 1195 1565; x_wconf 92' lang='lat' dir='ltr'><strong>ea</strong></span> <span class='ocrx_word' id='word_1_97' title='bbox 1213 1506 1373 1564; x_wconf 86' lang='lat' dir='ltr'><strong>memoriae</strong></span> 
     </span>
     <span class='ocr_line' id='line_1_13' title="bbox 194 1598 1373 1681; baseline 0.003 -22"><span class='ocrx_word' id='word_1_98' title='bbox 194 1598 330 1678; x_wconf 89' lang='lat' dir='ltr'><strong>prodere,</strong></span> <span class='ocrx_word' id='word_1_99' title='bbox 350 1618 425 1679; x_wconf 91' lang='lat' dir='ltr'><strong>quae</strong></span> <span class='ocrx_word' id='word_1_100' title='bbox 443 1599 569 1660; x_wconf 91' lang='lat' dir='ltr'><strong>Martino</strong></span> <span class='ocrx_word' id='word_1_101' title='bbox 590 1603 709 1661; x_wconf 90' lang='lat' dir='ltr'><strong>crimini</strong></span> <span class='ocrx_word' id='word_1_102' title='bbox 730 1599 793 1659; x_wconf 92' lang='lat' dir='ltr'><strong>dari</strong></span> <span class='ocrx_word' id='word_1_103' title='bbox 812 1608 953 1679; x_wconf 88' lang='lat' dir='ltr'><strong>oporteat.</strong></span> <span class='ocrx_word' id='word_1_104' title='bbox 986 1602 1104 1663; x_wconf 87' lang='lat' dir='ltr'><strong>Etenim</strong></span> <span class='ocrx_word' id='word_1_105' title='bbox 1123 1601 1260 1663; x_wconf 91' lang='lat' dir='ltr'><strong>audimus</strong></span> <span class='ocrx_word' id='word_1_106' title='bbox 1275 1601 1373 1681; x_wconf 79' lang='lat' dir='ltr'><strong>Olym·</strong></span> 
     </span>
     <span class='ocr_line' id='line_1_14' title="bbox 194 1697 1373 1780; baseline 0.003 -23"><span class='ocrx_word' id='word_1_107' title='bbox 194 1699 276 1776; x_wconf 94' lang='lat' dir='ltr'><strong>pium</strong></span> <span class='ocrx_word' id='word_1_108' title='bbox 315 1705 417 1758; x_wconf 90' lang='lat' dir='ltr'><strong>contra</strong></span> <span class='ocrx_word' id='word_1_109' title='bbox 454 1699 663 1776; x_wconf 86' lang='lat' dir='ltr'><strong>imperatorem</strong></span> <span class='ocrx_word' id='word_1_110' title='bbox 696 1697 899 1780; x_wconf 72' lang='lat' dir='ltr'><strong>rebellavisse,</strong></span> <span class='ocrx_word' id='word_1_111' title='bbox 938 1707 967 1760; x_wconf 92' lang='lat' dir='ltr'><strong>et</strong></span> <span class='ocrx_word' id='word_1_112' title='bbox 998 1700 1143 1760; x_wconf 91' lang='lat' dir='ltr'><strong>Martinus</strong></span> <span class='ocrx_word' id='word_1_113' title='bbox 1175 1700 1296 1780; x_wconf 91' lang='lat' dir='ltr'><strong>quidem</strong></span> <span class='ocrx_word' id='word_1_114' title='bbox 1324 1720 1373 1762; x_wconf 93' lang='lat' dir='ltr'><strong>su·</strong></span> 
     </span>
     <span class='ocr_line' id='line_1_15' title="bbox 194 1795 1374 1877; baseline 0.003 -21"><span class='ocrx_word' id='word_1_115' title='bbox 194 1797 400 1874; x_wconf 87' lang='lat' dir='ltr'><strong>spectissimus</strong></span> <span class='ocrx_word' id='word_1_116' title='bbox 429 1804 493 1856; x_wconf 91' lang='lat' dir='ltr'><strong>erat</strong></span> <span class='ocrx_word' id='word_1_117' title='bbox 519 1795 599 1856; x_wconf 90' lang='lat' dir='ltr'><strong>illius</strong></span> <span class='ocrx_word' id='word_1_118' title='bbox 627 1795 782 1857; x_wconf 90' lang='lat' dir='ltr'><strong>seditionis</strong></span> <span class='ocrx_word' id='word_1_119' title='bbox 810 1799 960 1877; x_wconf 90' lang='lat' dir='ltr'><strong>particeps</strong></span> <span class='ocrx_word' id='word_1_120' title='bbox 984 1799 1086 1860; x_wconf 89' lang='lat' dir='ltr'><strong>luisse.</strong></span> <span class='ocrx_word' id='word_1_121' title='bbox 1136 1799 1228 1859; x_wconf 84' lang='lat' dir='ltr'><strong>Fonte</strong></span> <span class='ocrx_word' id='word_1_122' title='bbox 1260 1801 1374 1860; x_wconf 91' lang='lat' dir='ltr'><strong>utimur</strong></span> 
     </span>
     <span class='ocr_line' id='line_1_16' title="bbox 193 1887 1374 1977; baseline 0.002 -23"><span class='ocrx_word' id='word_1_123' title='bbox 193 1887 557 1977; x_wconf 76' lang='lat' dir='ltr'><strong>„commemoratione“¹),</strong></span> <span class='ocrx_word' id='word_1_124' title='bbox 590 1913 647 1972; x_wconf 90' lang='lat' dir='ltr'><strong>qua</strong></span> <span class='ocrx_word' id='word_1_125' title='bbox 676 1897 875 1973; x_wconf 91' lang='lat' dir='ltr'><strong>comperimus</strong></span> <span class='ocrx_word' id='word_1_126' title='bbox 903 1895 1085 1976; x_wconf 83' lang='lat' dir='ltr'><strong>Olympium,</strong></span> <span class='ocrx_word' id='word_1_127' title='bbox 1117 1916 1185 1956; x_wconf 93' lang='lat' dir='ltr'><strong>cum</strong></span> <span class='ocrx_word' id='word_1_128' title='bbox 1212 1897 1374 1957; x_wconf 90' lang='lat' dir='ltr'><strong>tumultum</strong></span> 
     </span>
     <span class='ocr_line' id='line_1_17' title="bbox 193 1989 1373 2077; baseline 0.004 -27"><span class='ocrx_word' id='word_1_129' title='bbox 193 1999 339 2068; x_wconf 89' lang='lat' dir='ltr'><strong>moveret,</strong></span> <span class='ocrx_word' id='word_1_130' title='bbox 367 1998 461 2050; x_wconf 90' lang='lat' dir='ltr'><strong>totum</strong></span> <span class='ocrx_word' id='word_1_131' title='bbox 491 1993 654 2051; x_wconf 85' lang='lat' dir='ltr'><strong>exercitum</strong></span> <span class='ocrx_word' id='word_1_132' title='bbox 682 1992 815 2054; x_wconf 91' lang='lat' dir='ltr'><strong>ltalicum</strong></span> <span class='ocrx_word' id='word_1_133' title='bbox 846 1993 903 2054; x_wconf 94' lang='lat' dir='ltr'><strong>sibi</strong></span> <span class='ocrx_word' id='word_1_134' title='bbox 931 1989 1177 2077; x_wconf 64' lang='lat' dir='ltr'><strong>conciliavissei)</strong></span> <span class='ocrx_word' id='word_1_135' title='bbox 1229 1994 1373 2055; x_wconf 88' lang='lat' dir='ltr'><strong>Martinus</strong></span> 
     </span>
     <span class='ocr_line' id='line_1_18' title="bbox 193 2087 1373 2172; baseline 0.005 -25"><span class='ocrx_word' id='word_1_136' title='bbox 193 2107 268 2168; x_wconf 89' lang='lat' dir='ltr'><strong>papa</strong></span> <span class='ocrx_word' id='word_1_137' title='bbox 295 2095 397 2167; x_wconf 91' lang='lat' dir='ltr'><strong>postea</strong></span> <span class='ocrx_word' id='word_1_138' title='bbox 421 2087 705 2167; x_wconf 83' lang='lat' dir='ltr'><strong>Constantinopolim</strong></span> <span class='ocrx_word' id='word_1_139' title='bbox 733 2099 949 2170; x_wconf 88' lang='lat' dir='ltr'><strong>transportatus</strong></span> <span class='ocrx_word' id='word_1_140' title='bbox 976 2101 1006 2152; x_wconf 89' lang='lat' dir='ltr'><strong>et</strong></span> <span class='ocrx_word' id='word_1_141' title='bbox 1029 2100 1183 2153; x_wconf 91' lang='lat' dir='ltr'><strong>accusatus</strong></span> <span class='ocrx_word' id='word_1_142' title='bbox 1208 2101 1265 2172; x_wconf 86' lang='lat' dir='ltr'><strong>cst,</strong></span> <span class='ocrx_word' id='word_1_143' title='bbox 1294 2092 1373 2172; x_wconf 94' lang='lat' dir='ltr'><strong>quod</strong></span> 
     </span>
     <span class='ocr_line' id='line_1_19' title="bbox 192 2186 1374 2267; baseline 0.006 -21"><span class='ocrx_word' id='word_1_144' title='bbox 192 2205 281 2264; x_wconf 83' lang='lat' dir='ltr'><strong>„cum</strong></span> <span class='ocrx_word' id='word_1_145' title='bbox 309 2186 444 2263; x_wconf 75' lang='lat' dir='ltr'><strong>Olympio</strong></span> <span class='ocrx_word' id='word_1_146' title='bbox 468 2191 698 2248; x_wconf 79' lang='lat' dir='ltr'><strong>coniurationes</strong></span> <span class='ocrx_word' id='word_1_147' title='bbox 717 2189 843 2265; x_wconf 79' lang='lat' dir='ltr'><strong>fecisset</strong></span> <span class='ocrx_word' id='word_1_148' title='bbox 864 2195 1032 2266; x_wconf 74' lang='lat' dir='ltr'><strong>militesque</strong></span> <span class='ocrx_word' id='word_1_149' title='bbox 1047 2197 1311 2267; x_wconf 80' lang='lat' dir='ltr'><strong>praeparavisset,</strong></span> <span class='ocrx_word' id='word_1_150' title='bbox 1340 2200 1374 2253; x_wconf 84' lang='lat' dir='ltr'><strong>ttt</strong></span> 
     </span>
     <span class='ocr_line' id='line_1_20' title="bbox 194 2278 707 2367; baseline 0.004 -23"><span class='ocrx_word' id='word_1_151' title='bbox 194 2278 336 2366; x_wconf 86' lang='lat' dir='ltr'><strong>(exarcho</strong></span> <span class='ocrx_word' id='word_1_152' title='bbox 360 2278 514 2367; x_wconf 78' lang='lat' dir='ltr'><strong>seditioso)</strong></span> <span class='ocrx_word' id='word_1_153' title='bbox 539 2287 707 2346; x_wconf 76' lang='lat' dir='ltr'><strong>iurarent“.</strong></span> 
     </span>
    </p>

    <p class='ocr_par' dir='ltr' id='par_1_4' title="bbox 192 2381 1373 3344">
     <span class='ocr_line' id='line_1_21' title="bbox 282 2381 1373 2466; baseline 0.005 -24"><span class='ocrx_word' id='word_1_154' title='bbox 282 2381 378 2442; x_wconf 88' lang='lat' dir='ltr'><strong>Etiam</strong></span> <span class='ocrx_word' id='word_1_155' title='bbox 412 2401 446 2443; x_wconf 88' lang='lat' dir='ltr'><strong>ex</strong></span> <span class='ocrx_word' id='word_1_156' title='bbox 479 2384 537 2442; x_wconf 91' lang='lat' dir='ltr'><strong>vita</strong></span> <span class='ocrx_word' id='word_1_157' title='bbox 569 2381 688 2443; x_wconf 86' lang='lat' dir='ltr'><strong>Martini</strong></span> <span class='ocrx_word' id='word_1_158' title='bbox 720 2384 817 2444; x_wconf 90' lang='lat' dir='ltr'><strong>elucet</strong></span> <span class='ocrx_word' id='word_1_159' title='bbox 848 2404 953 2464; x_wconf 89' lang='lat' dir='ltr'><strong>papam</strong></span> <span class='ocrx_word' id='word_1_160' title='bbox 986 2405 1054 2446; x_wconf 92' lang='lat' dir='ltr'><strong>cum</strong></span> <span class='ocrx_word' id='word_1_161' title='bbox 1083 2385 1217 2466; x_wconf 84' lang='lat' dir='ltr'><strong>Olympio</strong></span> <span class='ocrx_word' id='word_1_162' title='bbox 1251 2406 1373 2447; x_wconf 90' lang='lat' dir='ltr'><strong>concor·</strong></span> 
     </span>
     <span class='ocr_line' id='line_1_22' title="bbox 193 2479 1373 2564; baseline 0.005 -24"><span class='ocrx_word' id='word_1_163' title='bbox 193 2479 287 2557; x_wconf 89' lang='lat' dir='ltr'><strong>dasse,</strong></span> <span class='ocrx_word' id='word_1_164' title='bbox 311 2499 409 2559; x_wconf 88' lang='lat' dir='ltr'><strong>neque</strong></span> <span class='ocrx_word' id='word_1_165' title='bbox 434 2480 562 2541; x_wconf 90' lang='lat' dir='ltr'><strong>alienum</strong></span> <span class='ocrx_word' id='word_1_166' title='bbox 583 2481 657 2540; x_wconf 91' lang='lat' dir='ltr'><strong>mibi</strong></span> <span class='ocrx_word' id='word_1_167' title='bbox 675 2482 793 2543; x_wconf 90' lang='lat' dir='ltr'><strong>videtur</strong></span> <span class='ocrx_word' id='word_1_168' title='bbox 813 2485 949 2544; x_wconf 89' lang='lat' dir='ltr'><strong>conicere</strong></span> <span class='ocrx_word' id='word_1_169' title='bbox 969 2503 1036 2544; x_wconf 91' lang='lat' dir='ltr'><strong>eum</strong></span> <span class='ocrx_word' id='word_1_170' title='bbox 1057 2501 1090 2544; x_wconf 88' lang='lat' dir='ltr'><strong>re</strong></span> <span class='ocrx_word' id='word_1_171' title='bbox 1109 2504 1178 2545; x_wconf 91' lang='lat' dir='ltr'><strong>vera</strong></span> <span class='ocrx_word' id='word_1_172' title='bbox 1197 2485 1373 2564; x_wconf 90' lang='lat' dir='ltr'><strong>proditionis</strong></span> 
     </span>
     <span class='ocr_line' id='line_1_23' title="bbox 193 2577 1373 2662; baseline 0.005 -25"><span class='ocrx_word' id='word_1_173' title='bbox 193 2577 322 2658; x_wconf 84' lang='lat' dir='ltr'><strong>Olympii</strong></span> <span class='ocrx_word' id='word_1_174' title='bbox 355 2580 508 2639; x_wconf 89' lang='lat' dir='ltr'><strong>conscium</strong></span> <span class='ocrx_word' id='word_1_175' title='bbox 540 2579 633 2639; x_wconf 86' lang='lat' dir='ltr'><strong>luisse</strong></span> <span class='ocrx_word' id='word_1_176' title='bbox 667 2582 790 2660; x_wconf 90' lang='lat' dir='ltr'><strong>eiusque</strong></span> <span class='ocrx_word' id='word_1_177' title='bbox 824 2581 956 2642; x_wconf 92' lang='lat' dir='ltr'><strong>consiliis</strong></span> <span class='ocrx_word' id='word_1_178' title='bbox 989 2583 1105 2643; x_wconf 88' lang='lat' dir='ltr'><strong>lavisse.</strong></span> <span class='ocrx_word' id='word_1_179' title='bbox 1156 2582 1259 2662; x_wconf 90' lang='lat' dir='ltr'><strong>Neque</strong></span> <span class='ocrx_word' id='word_1_180' title='bbox 1293 2585 1373 2644; x_wconf 90' lang='lat' dir='ltr'><strong>enim</strong></span> 
     </span>
     <span class='ocr_line' id='line_1_24' title="bbox 193 2676 1372 2759; baseline 0.005 -24"><span class='ocrx_word' id='word_1_181' title='bbox 193 2677 338 2755; x_wconf 87' lang='lat' dir='ltr'><strong>existimo,</strong></span> <span class='ocrx_word' id='word_1_182' title='bbox 358 2679 560 2737; x_wconf 89' lang='lat' dir='ltr'><strong>accusationes</strong></span> <span class='ocrx_word' id='word_1_183' title='bbox 579 2676 765 2756; x_wconf 82' lang='lat' dir='ltr'><strong>proditionis,</strong></span> <span class='ocrx_word' id='word_1_184' title='bbox 784 2698 858 2757; x_wconf 93' lang='lat' dir='ltr'><strong>quas</strong></span> <span class='ocrx_word' id='word_1_185' title='bbox 876 2678 982 2740; x_wconf 89' lang='lat' dir='ltr'><strong>Graeci</strong></span> <span class='ocrx_word' id='word_1_186' title='bbox 1002 2683 1031 2741; x_wconf 93' lang='lat' dir='ltr'><strong>in</strong></span> <span class='ocrx_word' id='word_1_187' title='bbox 1051 2681 1209 2741; x_wconf 90' lang='lat' dir='ltr'><strong>llartinnm</strong></span> <span class='ocrx_word' id='word_1_188' title='bbox 1229 2682 1372 2759; x_wconf 87' lang='lat' dir='ltr'><strong>lecerunt,</strong></span> 
     </span>
     <span class='ocr_line' id='line_1_25' title="bbox 192 2774 1373 2858; baseline 0.005 -25"><span class='ocrx_word' id='word_1_189' title='bbox 192 2777 274 2834; x_wconf 92' lang='lat' dir='ltr'><strong>omni</strong></span> <span class='ocrx_word' id='word_1_190' title='bbox 297 2774 488 2835; x_wconf 91' lang='lat' dir='ltr'><strong>fundamento</strong></span> <span class='ocrx_word' id='word_1_191' title='bbox 508 2777 649 2836; x_wconf 93' lang='lat' dir='ltr'><strong>caruisse.</strong></span> <span class='ocrx_word' id='word_1_192' title='bbox 686 2776 723 2836; x_wconf 89' lang='lat' dir='ltr'><strong>Et</strong></span> <span class='ocrx_word' id='word_1_193' title='bbox 740 2776 894 2856; x_wconf 90' lang='lat' dir='ltr'><strong>Martinus,</strong></span> <span class='ocrx_word' id='word_1_194' title='bbox 918 2797 986 2838; x_wconf 91' lang='lat' dir='ltr'><strong>cum</strong></span> <span class='ocrx_word' id='word_1_195' title='bbox 1005 2779 1257 2858; x_wconf 89' lang='lat' dir='ltr'><strong>Constantinopoli</strong></span> <span class='ocrx_word' id='word_1_196' title='bbox 1281 2781 1373 2839; x_wconf 89' lang='lat' dir='ltr'><strong>inter·</strong></span> 
     </span>
     <span class='ocr_line' id='line_1_26' title="bbox 193 2871 1373 2953; baseline 0.004 -21"><span class='ocrx_word' id='word_1_197' title='bbox 193 2880 360 2950; x_wconf 85' lang='lat' dir='ltr'><strong>rogaretur,</strong></span> <span class='ocrx_word' id='word_1_198' title='bbox 389 2891 443 2932; x_wconf 91' lang='lat' dir='ltr'><strong>cur</strong></span> <span class='ocrx_word' id='word_1_199' title='bbox 471 2892 538 2933; x_wconf 92' lang='lat' dir='ltr'><strong>cum</strong></span> <span class='ocrx_word' id='word_1_200' title='bbox 567 2871 702 2952; x_wconf 82' lang='lat' dir='ltr'><strong>Olympio</strong></span> <span class='ocrx_word' id='word_1_201' title='bbox 730 2877 944 2953; x_wconf 91' lang='lat' dir='ltr'><strong>consensisset,</strong></span> <span class='ocrx_word' id='word_1_202' title='bbox 972 2877 1209 2937; x_wconf 90' lang='lat' dir='ltr'><strong>insimulationes</strong></span> <span class='ocrx_word' id='word_1_203' title='bbox 1238 2879 1373 2938; x_wconf 91' lang='lat' dir='ltr'><strong>criminis</strong></span> 
     </span>
     <span class='ocr_line' id='line_1_27' title="bbox 192 2969 1372 3052; baseline 0.005 -23"><span class='ocrx_word' id='word_1_204' title='bbox 192 2969 405 3048; x_wconf 92' lang='lat' dir='ltr'><strong>perduellionis</strong></span> <span class='ocrx_word' id='word_1_205' title='bbox 425 2989 484 3030; x_wconf 95' lang='lat' dir='ltr'><strong>non</strong></span> <span class='ocrx_word' id='word_1_206' title='bbox 503 2971 620 3050; x_wconf 86' lang='lat' dir='ltr'><strong>refellit,</strong></span> <span class='ocrx_word' id='word_1_207' title='bbox 640 2971 693 3032; x_wconf 87' lang='lat' dir='ltr'><strong>sed</strong></span> <span class='ocrx_word' id='word_1_208' title='bbox 713 2971 769 3030; x_wconf 90' lang='lat' dir='ltr'><strong>alio</strong></span> <span class='ocrx_word' id='word_1_209' title='bbox 788 2975 997 3052; x_wconf 90' lang='lat' dir='ltr'><strong>responsiones</strong></span> <span class='ocrx_word' id='word_1_210' title='bbox 1017 2993 1085 3033; x_wconf 91' lang='lat' dir='ltr'><strong>suas</strong></span> <span class='ocrx_word' id='word_1_211' title='bbox 1100 2973 1251 3034; x_wconf 87' lang='lat' dir='ltr'><strong>derivavit.</strong></span> <span class='ocrx_word' id='word_1_212' title='bbox 1288 2974 1372 3035; x_wconf 93' lang='lat' dir='ltr'><strong>Haud</strong></span> 
     </span>
     <span class='ocr_line' id='line_1_28' title="bbox 193 3068 1372 3150; baseline 0.004 -23"><span class='ocrx_word' id='word_1_213' title='bbox 193 3069 255 3127; x_wconf 87' lang='lat' dir='ltr'><strong>scio</strong></span> <span class='ocrx_word' id='word_1_214' title='bbox 287 3086 324 3127; x_wconf 94' lang='lat' dir='ltr'><strong>an</strong></span> <span class='ocrx_word' id='word_1_215' title='bbox 355 3070 483 3129; x_wconf 85' lang='lat' dir='ltr'><strong>maximo</strong></span> <span class='ocrx_word' id='word_1_216' title='bbox 512 3069 618 3147; x_wconf 88' lang='lat' dir='ltr'><strong>gaudio</strong></span> <span class='ocrx_word' id='word_1_217' title='bbox 646 3068 785 3148; x_wconf 89' lang='lat' dir='ltr'><strong>impletus</strong></span> <span class='ocrx_word' id='word_1_218' title='bbox 814 3071 932 3148; x_wconf 88' lang='lat' dir='ltr'><strong>luisset,</strong></span> <span class='ocrx_word' id='word_1_219' title='bbox 965 3073 991 3131; x_wconf 89' lang='lat' dir='ltr'><strong>si</strong></span> <span class='ocrx_word' id='word_1_220' title='bbox 1019 3071 1101 3131; x_wconf 93' lang='lat' dir='ltr'><strong>ltalia</strong></span> <span class='ocrx_word' id='word_1_221' title='bbox 1128 3074 1254 3150; x_wconf 91' lang='lat' dir='ltr'><strong>imperio</strong></span> <span class='ocrx_word' id='word_1_222' title='bbox 1283 3071 1372 3133; x_wconf 87' lang='lat' dir='ltr'><strong>Grae-</strong></span> 
     </span>
     <span class='ocr_line' id='line_1_29' title="bbox 194 3165 1370 3249; baseline 0.005 -25"><span class='ocrx_word' id='word_1_223' title='bbox 194 3183 297 3224; x_wconf 89' lang='lat' dir='ltr'><strong>corum</strong></span> <span class='ocrx_word' id='word_1_224' title='bbox 316 3165 534 3227; x_wconf 91' lang='lat' dir='ltr'><strong>baereticorum</strong></span> <span class='ocrx_word' id='word_1_225' title='bbox 555 3167 657 3227; x_wconf 91' lang='lat' dir='ltr'><strong>odioso</strong></span> <span class='ocrx_word' id='word_1_226' title='bbox 676 3167 879 3229; x_wconf 89' lang='lat' dir='ltr'><strong>absolveretur</strong></span> <span class='ocrx_word' id='word_1_227' title='bbox 898 3180 928 3229; x_wconf 90' lang='lat' dir='ltr'><strong>et</strong></span> <span class='ocrx_word' id='word_1_228' title='bbox 946 3189 962 3229; x_wconf 93' lang='lat' dir='ltr'><strong>a</strong></span> <span class='ocrx_word' id='word_1_229' title='bbox 980 3171 1114 3249; x_wconf 93' lang='lat' dir='ltr'><strong>principe</strong></span> <span class='ocrx_word' id='word_1_230' title='bbox 1130 3170 1256 3248; x_wconf 89' lang='lat' dir='ltr'><strong>quodam</strong></span> <span class='ocrx_word' id='word_1_231' title='bbox 1271 3170 1370 3230; x_wconf 90' lang='lat' dir='ltr'><strong>ortlro·</strong></span> 
     </span>
     <span class='ocr_line' id='line_1_30' title="bbox 192 3261 1043 3344; baseline 0.005 -22"><span class='ocrx_word' id='word_1_232' title='bbox 192 3261 275 3340; x_wconf 79' lang='lat' dir='ltr'><strong>dono,</strong></span> <span class='ocrx_word' id='word_1_233' title='bbox 299 3265 351 3342; x_wconf 95' lang='lat' dir='ltr'><strong>qui</strong></span> <span class='ocrx_word' id='word_1_234' title='bbox 374 3283 442 3324; x_wconf 91' lang='lat' dir='ltr'><strong>cum</strong></span> <span class='ocrx_word' id='word_1_235' title='bbox 465 3283 540 3344; x_wconf 92' lang='lat' dir='ltr'><strong>papa</strong></span> <span class='ocrx_word' id='word_1_236' title='bbox 564 3268 754 3344; x_wconf 87' lang='lat' dir='ltr'><strong>consentiret,</strong></span> <span class='ocrx_word' id='word_1_237' title='bbox 778 3266 1043 3327; x_wconf 90' lang='lat' dir='ltr'><strong>administraretur.</strong></span> 
     </span>
    </p>

    <p class='ocr_par' dir='ltr' id='par_1_5' title="bbox 191 3359 1372 3911">
     <span class='ocr_line' id='line_1_31' title="bbox 281 3359 1372 3443; baseline 0.004 -21"><span class='ocrx_word' id='word_1_238' title='bbox 281 3359 508 3422; x_wconf 88' lang='lat' dir='ltr'><strong>Constantinum</strong></span> <span class='ocrx_word' id='word_1_239' title='bbox 528 3362 689 3442; x_wconf 92' lang='lat' dir='ltr'><strong>quidquam</strong></span> <span class='ocrx_word' id='word_1_240' title='bbox 709 3371 811 3424; x_wconf 90' lang='lat' dir='ltr'><strong>contra</strong></span> <span class='ocrx_word' id='word_1_241' title='bbox 825 3363 994 3443; x_wconf 82' lang='lat' dir='ltr'><strong>Olympium</strong></span> <span class='ocrx_word' id='word_1_242' title='bbox 1010 3365 1203 3426; x_wconf 90' lang='lat' dir='ltr'><strong>rebellantem</strong></span> <span class='ocrx_word' id='word_1_243' title='bbox 1219 3373 1248 3426; x_wconf 87' lang='lat' dir='ltr'><strong>ct</strong></span> <span class='ocrx_word' id='word_1_244' title='bbox 1262 3365 1372 3426; x_wconf 91' lang='lat' dir='ltr'><strong>milites</strong></span> 
     </span>
     <span class='ocr_line' id='line_1_32' title="bbox 192 3457 1372 3544; baseline 0.005 -26"><span class='ocrx_word' id='word_1_245' title='bbox 192 3457 349 3520; x_wconf 89' lang='lat' dir='ltr'><strong>seditiosos</strong></span> <span class='ocrx_word' id='word_1_246' title='bbox 372 3460 489 3521; x_wconf 90' lang='lat' dir='ltr'><strong>ltalicos</strong></span> <span class='ocrx_word' id='word_1_247' title='bbox 517 3463 686 3540; x_wconf 87' lang='lat' dir='ltr'><strong>suscepisse</strong></span> <span class='ocrx_word' id='word_1_248' title='bbox 716 3480 775 3522; x_wconf 94' lang='lat' dir='ltr'><strong>uon</strong></span> <span class='ocrx_word' id='word_1_249' title='bbox 804 3461 949 3522; x_wconf 89' lang='lat' dir='ltr'><strong>audimus.</strong></span> <span class='ocrx_word' id='word_1_250' title='bbox 995 3463 1130 3523; x_wconf 85' lang='lat' dir='ltr'><strong>Forsitan</strong></span> <span class='ocrx_word' id='word_1_251' title='bbox 1158 3463 1214 3524; x_wconf 90' lang='lat' dir='ltr'><strong>hoc</strong></span> <span class='ocrx_word' id='word_1_252' title='bbox 1238 3471 1372 3544; x_wconf 89' lang='lat' dir='ltr'><strong>tempore</strong></span> 
     </span>
     <span class='ocr_line' id='line_1_33' title="bbox 192 3558 1371 3640; baseline 0.006 -24"><span class='ocrx_word' id='word_1_253' title='bbox 192 3559 286 3635; x_wconf 87' lang='lat' dir='ltr'><strong>magis</strong></span> <span class='ocrx_word' id='word_1_254' title='bbox 310 3560 441 3618; x_wconf 90' lang='lat' dir='ltr'><strong>animum</strong></span> <span class='ocrx_word' id='word_1_255' title='bbox 466 3561 495 3619; x_wconf 94' lang='lat' dir='ltr'><strong>in</strong></span> <span class='ocrx_word' id='word_1_256' title='bbox 520 3558 696 3638; x_wconf 88' lang='lat' dir='ltr'><strong>periculum,</strong></span> <span class='ocrx_word' id='word_1_257' title='bbox 721 3559 799 3638; x_wconf 96' lang='lat' dir='ltr'><strong>quod</strong></span> <span class='ocrx_word' id='word_1_258' title='bbox 823 3561 948 3638; x_wconf 93' lang='lat' dir='ltr'><strong>imperio</strong></span> <span class='ocrx_word' id='word_1_259' title='bbox 972 3560 1007 3620; x_wconf 92' lang='lat' dir='ltr'><strong>ab</strong></span> <span class='ocrx_word' id='word_1_260' title='bbox 1027 3561 1170 3638; x_wconf 80' lang='lat' dir='ltr'><strong>Agarenis</strong></span> <span class='ocrx_word' id='word_1_261' title='bbox 1190 3562 1371 3640; x_wconf 91' lang='lat' dir='ltr'><strong>imminebat,</strong></span> 
     </span>
     <span class='ocr_line' id='line_1_34' title="bbox 195 3657 1372 3737; baseline 0.005 -23"><span class='ocrx_word' id='word_1_262' title='bbox 195 3658 388 3734; x_wconf 88' lang='lat' dir='ltr'><strong>converterit,</strong></span> <span class='ocrx_word' id='word_1_263' title='bbox 435 3659 544 3736; x_wconf 89' lang='lat' dir='ltr'><strong>quippe</strong></span> <span class='ocrx_word' id='word_1_264' title='bbox 587 3660 639 3736; x_wconf 90' lang='lat' dir='ltr'><strong>qui</strong></span> <span class='ocrx_word' id='word_1_265' title='bbox 680 3657 785 3718; x_wconf 89' lang='lat' dir='ltr'><strong>codem</strong></span> <span class='ocrx_word' id='word_1_266' title='bbox 825 3677 901 3718; x_wconf 93' lang='lat' dir='ltr'><strong>anno</strong></span> <span class='ocrx_word' id='word_1_267' title='bbox 939 3658 1177 3737; x_wconf 83' lang='lat' dir='ltr'><strong>expeditionibus</strong></span> <span class='ocrx_word' id='word_1_268' title='bbox 1214 3662 1372 3720; x_wconf 90' lang='lat' dir='ltr'><strong>maritimis</strong></span> 
     </span>
     <span class='ocr_line' id='line_1_35' title="bbox 192 3751 1371 3836; baseline 0.004 -24"><span class='ocrx_word' id='word_1_269' title='bbox 192 3751 376 3814; x_wconf 88' lang='lat' dir='ltr'><strong>Graecorum</strong></span> <span class='ocrx_word' id='word_1_270' title='bbox 409 3755 484 3815; x_wconf 87' lang='lat' dir='ltr'><strong>fines</strong></span> <span class='ocrx_word' id='word_1_271' title='bbox 517 3755 638 3834; x_wconf 83' lang='lat' dir='ltr'><strong>aggredi</strong></span> <span class='ocrx_word' id='word_1_272' title='bbox 672 3757 853 3834; x_wconf 90' lang='lat' dir='ltr'><strong>coepissent,</strong></span> <span class='ocrx_word' id='word_1_273' title='bbox 882 3775 950 3816; x_wconf 94' lang='lat' dir='ltr'><strong>cum</strong></span> <span class='ocrx_word' id='word_1_274' title='bbox 978 3756 1107 3836; x_wconf 76' lang='lat' dir='ltr'><strong>Cyprum</strong></span> <span class='ocrx_word' id='word_1_275' title='bbox 1136 3757 1263 3817; x_wconf 90' lang='lat' dir='ltr'><strong>insulam</strong></span> <span class='ocrx_word' id='word_1_276' title='bbox 1290 3759 1371 3818; x_wconf 92' lang='lat' dir='ltr'><strong>inva-</strong></span> 
     </span>
     <span class='ocr_line' id='line_1_36' title="bbox 191 3851 308 3911; baseline 0.017 -2"><span class='ocrx_word' id='word_1_277' title='bbox 191 3851 308 3911; x_wconf 85' lang='lat' dir='ltr'><strong>sissent.</strong></span> 
     </span>
    </p>

    <p class='ocr_par' dir='ltr' id='par_1_6' title="bbox 190 3947 1373 4227">
     <span class='ocr_line' id='line_1_37' title="bbox 284 3947 1371 4032; baseline 0.004 -22"><span class='ocrx_word' id='word_1_278' title='bbox 284 3947 447 4029; x_wconf 65' lang='lat' dir='ltr'><strong>Olympius,</strong></span> <span class='ocrx_word' id='word_1_279' title='bbox 470 3959 504 4010; x_wconf 96' lang='lat' dir='ltr'><strong>ut</strong></span> <span class='ocrx_word' id='word_1_280' title='bbox 527 3958 630 4012; x_wconf 90' lang='lat' dir='ltr'><strong>auctor</strong></span> <span class='ocrx_word' id='word_1_281' title='bbox 652 3953 728 4011; x_wconf 90' lang='lat' dir='ltr'><strong>vitae</strong></span> <span class='ocrx_word' id='word_1_282' title='bbox 753 3951 872 4012; x_wconf 88' lang='lat' dir='ltr'><strong>Martini</strong></span> <span class='ocrx_word' id='word_1_283' title='bbox 896 3953 996 4032; x_wconf 82' lang='lat' dir='ltr'><strong>relect,</strong></span> <span class='ocrx_word' id='word_1_284' title='bbox 1019 3963 1122 4032; x_wconf 91' lang='lat' dir='ltr'><strong>postea</strong></span> <span class='ocrx_word' id='word_1_285' title='bbox 1146 3973 1214 4014; x_wconf 87' lang='lat' dir='ltr'><strong>cunr</strong></span> <span class='ocrx_word' id='word_1_286' title='bbox 1238 3955 1371 4014; x_wconf 85' lang='lat' dir='ltr'><strong>exercitu</strong></span> 
     </span>
     <span class='ocr_line' id='line_1_38' title="bbox 190 4043 1373 4128; baseline 0.005 -22"><span class='ocrx_word' id='word_1_287' title='bbox 190 4047 222 4105; x_wconf 91' lang='lat' dir='ltr'><strong>in</strong></span> <span class='ocrx_word' id='word_1_288' title='bbox 247 4045 377 4107; x_wconf 90' lang='lat' dir='ltr'><strong>Siciliam</strong></span> <span class='ocrx_word' id='word_1_289' title='bbox 405 4043 557 4126; x_wconf 85' lang='lat' dir='ltr'><strong>proiectus</strong></span> <span class='ocrx_word' id='word_1_290' title='bbox 586 4055 645 4126; x_wconf 92' lang='lat' dir='ltr'><strong>est,</strong></span> <span class='ocrx_word' id='word_1_291' title='bbox 673 4056 707 4108; x_wconf 93' lang='lat' dir='ltr'><strong>nt</strong></span> <span class='ocrx_word' id='word_1_292' title='bbox 735 4047 860 4128; x_wconf 79' lang='lat' dir='ltr'><strong>Arabes,</strong></span> <span class='ocrx_word' id='word_1_293' title='bbox 890 4052 941 4128; x_wconf 95' lang='lat' dir='ltr'><strong>qui</strong></span> <span class='ocrx_word' id='word_1_294' title='bbox 972 4069 1008 4111; x_wconf 85' lang='lat' dir='ltr'><strong>ex</strong></span> <span class='ocrx_word' id='word_1_295' title='bbox 1031 4051 1130 4111; x_wconf 76' lang='lat' dir='ltr'><strong>Africa</strong></span> <span class='ocrx_word' id='word_1_296' title='bbox 1152 4053 1306 4112; x_wconf 91' lang='lat' dir='ltr'><strong>venientes</strong></span> <span class='ocrx_word' id='word_1_297' title='bbox 1329 4050 1373 4112; x_wconf 94' lang='lat' dir='ltr'><strong>ibi</strong></span> 
     </span>
     <span class='ocr_line' id='line_1_39' title="bbox 190 4143 1371 4227; baseline 0.003 -21"><span class='ocrx_word' id='word_1_298' title='bbox 190 4143 277 4206; x_wconf 90' lang='lat' dir='ltr'><strong>sedes</strong></span> <span class='ocrx_word' id='word_1_299' title='bbox 302 4144 535 4224; x_wconf 90' lang='lat' dir='ltr'><strong>collocavissent,</strong></span> <span class='ocrx_word' id='word_1_300' title='bbox 559 4147 756 4225; x_wconf 88' lang='lat' dir='ltr'><strong>impugnaret.</strong></span> <span class='ocrx_word' id='word_1_301' title='bbox 803 4146 861 4206; x_wconf 89' lang='lat' dir='ltr'><strong>Sed</strong></span> <span class='ocrx_word' id='word_1_302' title='bbox 880 4147 993 4226; x_wconf 93' lang='lat' dir='ltr'><strong>morbo,</strong></span> <span class='ocrx_word' id='word_1_303' title='bbox 1018 4151 1069 4227; x_wconf 91' lang='lat' dir='ltr'><strong>qui</strong></span> <span class='ocrx_word' id='word_1_304' title='bbox 1088 4157 1182 4210; x_wconf 92' lang='lat' dir='ltr'><strong>totum</strong></span> <span class='ocrx_word' id='word_1_305' title='bbox 1203 4150 1267 4210; x_wconf 90' lang='lat' dir='ltr'><strong>eius</strong></span> <span class='ocrx_word' id='word_1_306' title='bbox 1287 4167 1371 4210; x_wconf 85' lang='lat' dir='ltr'><strong>exer·</strong></span> 
     </span>
    </p>
   </div>
   <div class='ocr_carea' id='block_1_3' title="bbox 279 4369 1372 4522">
    <p class='ocr_par' dir='ltr' id='par_1_7' title="bbox 279 4369 1372 4522">
     <span class='ocr_line' id='line_1_40' title="bbox 283 4369 667 4440; baseline 0.005 -17"><span class='ocrx_word' id='word_1_307' title='bbox 283 4371 308 4438; x_wconf 90' lang='lat'><strong>1)</strong></span> <span class='ocrx_word' id='word_1_308' title='bbox 328 4369 439 4424; x_wconf 83' lang='lat' dir='ltr'><strong>Mensi</strong></span> <span class='ocrx_word' id='word_1_309' title='bbox 458 4370 482 4424; x_wconf 88' lang='lat' dir='ltr'>X</span> <span class='ocrx_word' id='word_1_310' title='bbox 500 4389 528 4440; x_wconf 89' lang='lat' dir='ltr'><strong>p.</strong></span> <span class='ocrx_word' id='word_1_311' title='bbox 544 4375 596 4426; x_wconf 78' lang='lat' dir='ltr'><strong>eto</strong></span> <span class='ocrx_word' id='word_1_312' title='bbox 608 4387 667 4440; x_wconf 85' lang='lat' dir='ltr'><strong>sqq.</strong></span> 
     </span>
     <span class='ocr_line' id='line_1_41' title="bbox 279 4448 1372 4522; baseline 0.009 -22"><span class='ocrx_word' id='word_1_313' title='bbox 279 4449 306 4517; x_wconf 80' lang='lat'><strong>2)</strong></span> <span class='ocrx_word' id='word_1_314' title='bbox 325 4448 394 4504; x_wconf 90' lang='lat' dir='ltr'><strong>lbid.</strong></span> <span class='ocrx_word' id='word_1_315' title='bbox 406 4468 431 4518; x_wconf 93' lang='lat' dir='ltr'><strong>p.</strong></span> <span class='ocrx_word' id='word_1_316' title='bbox 444 4455 508 4504; x_wconf 77' lang='lat'>856:</span> <span class='ocrx_word' id='word_1_317' title='bbox 528 4451 641 4505; x_wconf 77' lang='lat' dir='ltr'><strong>babenti</strong></span> <span class='ocrx_word' id='word_1_318' title='bbox 649 4454 799 4522; x_wconf 80' lang='lat' dir='ltr'><strong>praecipue</strong></span> <span class='ocrx_word' id='word_1_319' title='bbox 814 4454 954 4508; x_wconf 79' lang='lat' dir='ltr'><strong>brachium</strong></span> <span class='ocrx_word' id='word_1_320' title='bbox 965 4455 1109 4509; x_wconf 77' lang='lat' dir='ltr'><strong>ursiversae</strong></span> <span class='ocrx_word' id='word_1_321' title='bbox 1118 4455 1236 4510; x_wconf 81' lang='lat' dir='ltr'><strong>militiae</strong></span> <span class='ocrx_word' id='word_1_322' title='bbox 1245 4457 1372 4511; x_wconf 80' lang='lat' dir='ltr'><strong>Italicae.</strong></span> 
     </span>
    </p>
   </div>
   <div class='ocr_carea' id='block_1_4' title="bbox 0 0 1656 5098">
    <p class='ocr_par' dir='ltr' id='par_1_8' title="bbox 0 0 1656 5098">
     <span class='ocr_line' id='line_1_42' title="bbox 0 0 1656 5098; baseline 0 1"><span class='ocrx_word' id='word_1_323' title='bbox 0 0 1656 5098; x_wconf 95' lang='lat' dir='ltr'><strong> </strong></span> 
     </span>
    </p>
   </div>
  </div>
 </body>
</html>
