3304 5098
678 339 898 402 „41-

200 523 264 599 ipse
289 538 320 580 se
345 520 480 580 conlerre
503 519 600 597 vellet,
624 522 769 597 venirent,
794 527 852 598 aut,
876 523 902 580 si
922 520 1051 598 mallent,
1075 523 1140 599 ipse
1160 539 1263 581 eorum
1284 520 1376 581 domi·

201 618 267 678 cilia
288 618 391 696 adiret,
409 626 443 678 ut
462 620 717 678 communicarent
732 617 998 697 deliberarentque,
1018 619 1089 698 quid
1104 619 1272 679 laciendum
1287 627 1375 679 esset.

199 716 356 776 Praeterea
380 734 412 776 se
436 715 502 776 illos
526 718 651 794 pecunia
675 715 845 776 adiuturum
865 734 930 776 esse
949 719 1093 795 promisit.
1136 717 1258 776 Frustra
1278 725 1375 776 autem

200 812 410 874 Constantinus
441 813 654 874 rebellantibus
684 813 864 893 persuadere
896 822 1018 875 conatus
1048 822 1101 874 est.
1155 815 1246 874 lmmo
1277 817 1375 892 potius

157 977 163 984 ,
198 911 309 971 Mariae
334 930 365 972 se
390 911 582 972 subiecerunt
609 911 773 991 foedusque
802 931 869 972 cum
893 911 1040 972 Arabibus
1064 913 1207 989 lecerunt,
1231 931 1289 990 quo
1314 931 1374 971 ma·

198 1011 262 1069 iura
277 1011 519 1088 impetraverunt,
538 1028 626 1088 quam
642 1008 852 1069 Constantinus
872 1012 915 1068 eis
934 1009 1049 1069 obtulit.
1086 1009 1204 1069 Etenim
1218 1009 1310 1070 Maria
1331 1012 1374 1069 eis

199 1110 354 1185 concessit,
377 1115 411 1168 ut
434 1109 663 1185 constituerent,
687 1115 759 1185 quot
782 1125 874 1167 annos
893 1109 989 1186 pactio
1010 1115 1152 1185 maneret,
1177 1118 1207 1168 et
1224 1107 1375 1186 pollicitus

198 1213 244 1266 est
267 1223 299 1265 se
318 1213 433 1284 septem
454 1224 546 1266 annos
565 1205 679 1266 nullum
699 1205 844 1265 tributum
864 1204 1083 1284 postulaturum
1104 1223 1178 1284 esse,
1202 1224 1260 1284 quo
1280 1207 1374 1283 spatio

197 1305 408 1382 praetermisso
426 1303 560 1363 Armenii
579 1303 683 1364 darent
701 1302 855 1380 tributum,
875 1310 1017 1381 quantum
1032 1303 1153 1384 vellent3
1173 1302 1270 1364 nullos
1290 1322 1374 1382 prae-

198 1400 291 1461 lectus
319 1401 489 1480 militesque
512 1401 653 1461 Arabicus
683 1403 714 1460 in
738 1401 907 1460 Armeniam
932 1403 1056 1461 missum
1079 1403 1130 1482 iri,
1164 1403 1190 1461 si
1214 1400 1319 1461 Graeci
1342 1404 1374 1460 in

198 1517 301 1559 eorum
329 1506 440 1559 terram
469 1502 685 1577 irrumperent,
714 1517 746 1558 se
772 1501 816 1558 eis
840 1499 947 1559 auxilia
971 1501 1133 1559 missurum
1158 1517 1237 1576 esse,
1266 1509 1373 1578 (luania

197 1603 353 1676 cuperent3
377 1596 470 1656 blavia
494 1596 653 1675 postulavit
676 1595 889 1672 tantummodo,
917 1605 951 1657 ut
974 1598 1107 1658 Armenii
1131 1606 1245 1657 certum
1270 1617 1372 1658 inume-

197 1712 262 1754 rum
287 1697 420 1772 equitum
449 1697 480 1754 in
508 1701 588 1754 terra
612 1713 665 1754 sua
689 1695 815 1772 alerent,
844 1694 952 1773 quibus
976 1697 1040 1773 ipse
1064 1697 1108 1756 uti
1131 1705 1239 1774 posset.
1285 1695 1373 1755 lleni·

197 1810 254 1870 que
288 1811 319 1852 se
352 1792 406 1852 bos
437 1793 553 1870 equites
585 1810 738 1870 nunquam
771 1793 801 1850 in
833 1792 947 1871 Syriam
978 1801 1151 1853 vocaturum
1183 1811 1248 1853 esse
1279 1793 1372 1853 Arabs

195 1891 340 1968 promisit.

285 1987 494 2048 Constantinus
525 1989 593 2066 qula
625 1985 742 2047 videbat
773 2005 804 2047 se
833 1988 973 2066 precibus
1001 1988 1075 2048 nihil
1104 1989 1252 2067 ellecisse,
1284 1992 1312 2048 ri
1343 1998 1373 2049 et

196 2087 286 2146 armis
311 2085 512 2146 desciscentes
531 2085 586 2146 sub
606 2103 689 2145 suam
708 2093 884 2163 potestatem
905 2085 1040 2165 redigere
1060 2089 1222 2148 constituit.
1265 2087 1372 2147 Volun-

194 2186 247 2243 tati
272 2186 423 2262 copiarum
443 2183 603 2244 obsecutus
622 2185 686 2262 ipse
707 2184 870 2242 exercitum
878 2177 903 2266 1)
928 2185 959 2242 in
978 2185 1147 2244 Armeniam
1169 2184 1259 2244 duxit.
1298 2184 1371 2244 Cum

194 2283 225 2340 in
249 2283 357 2341 itinere
381 2289 474 2359 esset,
502 2281 590 2358 legati
613 2280 724 2340 lllaviae
753 2279 789 2339 ad
817 2299 885 2341 eum
910 2283 1026 2342 venisse
1051 2281 1205 2360 dicuntur,
1228 2285 1280 2361 qui
1303 2301 1371 2342 rum

193 2381 372 2458 imperatore
401 2386 526 2458 egerunt
554 2397 681 2457 eumque
711 2397 897 2438 commovere
921 2382 1019 2440 conati
1048 2389 1130 2458 sunt,
1160 2389 1194 2440 ut
1218 2400 1285 2440 cum
1310 2383 1371 2440 suis

195 2476 314 2537 domum
343 2476 462 2538 rediret.
513 2476 673 2556 Postquam
702 2476 913 2538 Constantinus
941 2477 1199 2557 Theodosiopolim
1227 2481 1371 2557 pervenit,

194 2577 221 2634 ei
244 2577 396 2654 principes
420 2575 562 2653 Armenii,
586 2576 637 2652 qui
656 2576 829 2654 imperatori
851 2575 939 2635 fidem
962 2584 1159 2654 servaverant,
1183 2579 1282 2655 copias
1302 2595 1370 2636 suas

194 2691 294 2733 secum
325 2672 467 2733 ducentes
500 2672 603 2732 eodem
634 2691 665 2732 se
695 2673 893 2734 contulerunt.
943 2673 1039 2733 Etiam
1068 2672 1177 2733 Nerses
1209 2673 1370 2733 catholicus

193 2769 452 2849 Theodosiopolim
475 2773 564 2830 venit.
611 2770 684 2830 Cum
708 2773 871 2850 imperator
894 2771 930 2830 ab
953 2771 1000 2830 bis
1025 2773 1208 2830 accuratiora
1232 2771 1268 2831 de
1293 2770 1370 2830 sedi·

193 2869 272 2927 tione
304 2874 334 2928 et
364 2868 496 2928 consiliis
522 2868 670 2928 Theodori
701 2868 871 2946 audivisset,
901 2887 959 2928 una
991 2887 1058 2928 cum
1089 2870 1222 2928 exercitu
1246 2888 1300 2928 suo
1324 2887 1369 2928 re·

193 2964 351 3026 bellantem
383 2965 498 3026 devovit
528 2966 726 3045 omnibusque
756 2967 919 3026 bonoribus
950 2974 979 3026 et
1010 2966 1202 3044 dignitatibus
1235 2969 1369 3045 privarit.

193 3062 265 3123 Eius
293 3063 356 3124 loco
385 3063 475 3124 alium
505 3066 672 3143 principem
700 3065 848 3124 Armeniis
876 3065 1027 3143 praefecit.
1080 3064 1135 3123 llio
1164 3073 1263 3126 autem
1287 3065 1369 3125 brevi

192 3167 260 3239 post
288 3179 303 3220 a
331 3161 485 3221 Theodoro
514 3168 618 3240 captus
647 3170 700 3222 est.
748 3161 805 3232 Oui
833 3181 900 3222 cum
932 3161 1119 3239 intellegeret
1142 3181 1225 3222 suam
1249 3181 1369 3222 manum

191 3276 311 3336 parvam
331 3277 346 3318 a
366 3277 472 3337 magno
492 3261 624 3340 exercitu
644 3261 841 3339 imperatoris,
866 3263 892 3320 si
911 3262 974 3320 acie
994 3260 1169 3338 decertaret,
1193 3280 1368 3340 oppressum

192 3357 238 3434 iri,
263 3354 299 3416 ab
317 3356 463 3417 Arabibus
488 3358 629 3418 auxilium
653 3360 765 3436 petivit.
806 3358 930 3418 Interim
950 3357 1060 3436 lberes,
1079 3357 1216 3436 Albanos,
1241 3357 1368 3436 Sinnios,

192 3453 300 3533 quibus
331 3455 419 3514 sociis
442 3474 514 3515 usus
538 3463 596 3533 est,
629 3455 753 3534 dimisit,
783 3464 817 3516 ut
844 3458 875 3515 in
904 3475 957 3515 sno
982 3474 1116 3534 quaeque
1141 3474 1214 3533 gens
1237 3475 1311 3535 pago
1336 3475 1367 3516 se

193 3551 374 3629 detenderet,
399 3554 424 3612 si
448 3551 554 3613 Graeci
578 3553 818 3632 aggrederentur.
865 3553 930 3632 lpse
955 3555 985 3612 in
1009 3554 1136 3612 insulam
1161 3553 1312 3614 Altltamar
1336 3572 1367 3614 se

191 3648 312 3726 abdidit,
336 3668 411 3728 quae
436 3652 466 3709 in
490 3650 555 3710 lacu
579 3650 713 3729 Thospiti
738 3646 841 3734 (Wan)
867 3654 922 3711 sita
946 3660 999 3712 est.

280 3747 354 3807 Cum
374 3747 584 3808 Constantinus
603 3748 829 3828 Theodosiopoli
852 3757 984 3810 moratus
1003 3749 1148 3810 nihildum
1169 3757 1269 3809 eontra
1290 3749 1367 3809 sedi·

191 3846 282 3904 tiosos
311 3847 506 3924 suscepisset,
537 3845 714 3924 quibusdam
747 3847 946 3925 principibus,
980 3849 1031 3926 qni
1064 3867 1079 3906 a
1108 3855 1191 3926 parte
1220 3846 1367 3908 Theodori

191 3949 346 4021 steterunt,
367 3945 491 4023 contigit
504 3944 621 4023 Arphay
640 3943 781 4024 oppidum
801 3951 830 4004 et
849 3944 1004 4006 castellum
1024 3963 1139 4024 capere,
1161 3963 1219 4024 quo
1234 3945 1367 4004 Armenii

190 4042 287 4100 omnia
312 4059 364 4101 sua
394 4040 484 4120 bona,
512 4049 546 4102 ut
572 4041 620 4102 bis
648 4041 832 4121 temporibus
857 4042 1035 4103 turbulentis
1064 4051 1268 4122 servarentur,
1297 4063 1366 4102 rou·

190 4147 352 4216 gesserant.
400 4137 511 4200 Eodem
535 4138 654 4200 divitiae
678 4142 846 4218 principum
871 4147 900 4200 et
923 4159 994 4219 opes
1018 4141 1212 4201 ecclesiarum
1232 4159 1365 4220 compor-

189 4243 267 4296 tatae
293 4244 386 4297 erant.
432 4237 596 4316 Imperator
619 4257 688 4298 cum
713 4237 748 4298 de
771 4238 826 4298 bac
846 4239 973 4298 maxima
992 4238 1156 4300 calamitate
1177 4241 1287 4299 certior
1307 4239 1365 4298 lac·

280 4445 305 4514 1)
325 4442 428 4498 Sebeos
439 4443 654 4498 Constantinum
668 4447 780 4498 centnm
795 4445 874 4498 milia
888 4445 1011 4500 militnm
1027 4463 1120 4500 secum
1135 4447 1246 4500 duxisse
1262 4445 1365 4514 prodit.
