3304 5098
669 381 716 392 ,-
762 341 893 406 51-

190 543 294 585 omnes
316 523 500 603 patriarchas
525 522 614 602 dedit,
638 523 896 584 monotheleticam
922 521 1086 584 doctrinam
1111 523 1273 585 detestatus
1297 523 1369 584 duas

191 641 257 684 esse
281 625 468 702 operationes
492 629 522 682 et
543 621 710 682 voluntates
734 621 899 682 affirmavit
940 620 1090 682 Honorius
1113 641 1187 700 papa
1210 621 1369 701 Romanus,

191 723 243 800 qui
263 721 414 781 doctrinae
434 719 679 780 monotheleticae
700 718 825 799 lavebat,
845 723 1076 780 controversiam
1092 719 1231 780 dirimere
1247 719 1369 780 studens

191 819 295 898 legatis
319 818 491 898 Sophronii,
520 819 572 896 qui
594 817 743 878 Romanos
772 821 802 879 in
830 836 935 877 novam
964 817 1053 878 fidem
1076 820 1248 896 incitarent,
1277 819 1370 878 suasit

190 925 225 978 ut
243 917 442 997 Sophronium
466 923 687 976 commoverent
709 915 798 976 verba
816 914 961 994 „duamm
981 914 1204 995 operationum“
1224 918 1369 977 omittere.

191 1014 275 1086 Quod
303 1015 413 1076 factum
437 1015 473 1074 iri
498 1013 542 1072 illi
564 1015 779 1092 promiserunt,
811 1014 837 1073 si
860 1011 954 1092 Cyms
977 1031 1036 1074 non
1059 1015 1118 1074 iam
1143 1013 1178 1074 de
1201 1033 1279 1093 „una
1301 1032 1369 1093 ope·

191 1111 325 1173 ratione“
351 1111 442 1172 verba
465 1112 584 1171 laceret.
631 1109 750 1180 Quare
775 1109 897 1188 Sergius
921 1110 1066 1172 adductus
1091 1131 1156 1172 esse
1179 1111 1309 1190 videtur,
1336 1119 1370 1172 ut

189 1206 363 1290 „ecthesiu“
394 1215 598 1288 componeret,
631 1227 706 1287 quae
740 1207 775 1268 ab
808 1207 946 1270 Heraclio
979 1209 1102 1289 probata
1135 1217 1164 1270 et
1196 1228 1284 1278 anno
1304 1205 1369 1270 638

192 1308 359 1387 subscripta
389 1315 442 1368 est.
490 1306 552 1366 Hoc
580 1308 691 1385 scripto
721 1308 924 1386 constituitur,
952 1325 990 1367 ne
1018 1307 1108 1368 verba
1136 1305 1194 1387 μία
1222 1302 1370 1388 ἐνέργεια

191 1414 242 1468 aut
274 1403 336 1467 δύο
370 1399 532 1485 ἐνέργειαι
565 1403 774 1482 adhibeantur,
812 1407 880 1484 quia
915 1404 950 1464 de
983 1424 1085 1466 earum
1119 1407 1266 1466 sententia
1299 1407 1370 1465 satis

193 1502 322 1564 dubitari
344 1504 453 1582 possit3
478 1501 584 1562 deinde
608 1520 731 1581 prorsus
756 1502 946 1562 contenditur
968 1504 999 1562 in
1018 1502 1135 1564 Christo
1158 1521 1248 1563 unam
1271 1505 1370 1562 inesse

190 1601 379 1663 voluntatem.
430 1600 453 1660 Α
482 1599 594 1678 synodo
623 1598 677 1660 sub
706 1601 796 1659 linem
825 1599 959 1660 eiusdem
987 1603 1057 1661 auni
1085 1599 1369 1678 Constantinopolim

192 1707 350 1760 convocata
387 1698 520 1758 ecthesin
558 1716 626 1758 cum
665 1697 797 1758 doctriua
831 1697 991 1776 apostolica
1024 1701 1182 1759 convenire
1213 1697 1370 1777 probatum

192 1805 246 1858 est
299 1795 411 1856 Eodem
444 1814 520 1856 anno
550 1795 671 1873 Sergius
705 1794 778 1856 obiit
810 1803 839 1856 et
866 1795 977 1874 Pyrrus
1010 1797 1111 1858 sedem
1143 1795 1370 1875 patriarchalem

192 1894 291 1955 Novae
305 1893 415 1954 Romae
430 1892 566 1954 obtinuit
597 1892 654 1964 Oui
673 1896 812 1972 sequenti
830 1912 908 1954 anno
927 1894 1071 1973 synodum
1086 1893 1371 1973 Constantinopolim

192 1994 382 2072 congregavit
405 1999 435 2052 et
459 1991 565 2069 effecit,
588 1999 622 2052 ut
646 1994 777 2070 episcopi
801 1993 853 2070 qui
877 1991 1000 2053 aderant
1023 1993 1155 2054 ecthesin
1178 2000 1370 2072 agnoscentes

192 2089 424 2152 subscriberent.
470 2089 567 2149 Etiam
591 2089 685 2168 Cyrus
708 2090 764 2149 hoc
788 2092 932 2169 scriptum
955 2089 1099 2170 probavit

282 2187 356 2253 Cum
395 2187 543 2247 Honorius
579 2206 654 2266 papa
692 2188 937 2249 monotheleticae
976 2188 1128 2250 doctrinae
1165 2182 1371 2272 studuisset¹),

191 2295 258 2367 post
290 2289 355 2347 eius
387 2294 516 2346 mortem
550 2285 652 2345 clerici
679 2286 804 2346 Romani
836 2289 931 2365 magis
959 2289 1113 2366 magisque
1142 2287 1213 2348 huic
1241 2285 1371 2364 dogmati

192 2384 334 2446 obluctati
357 2394 434 2444 sunt
481 2383 576 2462 Atque
600 2402 704 2444 eorum
728 2386 832 2462 animi,
856 2392 889 2444 ut
913 2383 992 2444 docti
1015 2393 1151 2463 censent,
1176 2386 1281 2444 mutati
1305 2401 1370 2444 esse

192 2482 331 2544 videntur
355 2501 389 2542 ca
413 2500 459 2560 re,
493 2481 572 2560 quod
596 2481 690 2560 lsaac,
720 2483 864 2542 exarchus
888 2481 1002 2560 ltaliae,
1031 2485 1178 2543 aerarium
1202 2480 1369 2560 episcopale

191 2579 356 2640 Romanum
387 2569 559 2656 diripuerat.
610 2577 758 2638 Nimirum
786 2578 842 2637 hoc
870 2580 1001 2640 facinore
1029 2579 1154 2640 Romani
1182 2595 1370 2657 summopere

193 2685 296 2738 contra
320 2675 448 2736 Graecos
473 2675 641 2736 exacerbati
665 2669 790 2759 oranti)
838 2676 998 2738 Severinus
1021 2671 1128 2761 papa³)
1154 2677 1257 2756 dogma
1280 2678 1370 2737 unius

192 2775 350 2836 voluntatis
378 2772 548 2852 reprobavit
572 2781 601 2834 et
623 2774 769 2834 lohannes
788 2774 824 2834 lV
848 2776 900 2853 qui
928 2778 956 2835 ei
980 2772 1023 2836 24
1047 2769 1147 2858 dic(?)
1197 2773 1370 2835 Decembris

193 2874 340 2934 successit
362 2871 474 2950 synodo
497 2871 627 2931 Romana
652 2880 829 2950 congregata
849 2865 888 2954 (a.
904 2867 984 2956 641)
1010 2876 1081 2934 item
1106 2873 1186 2934 illam
1206 2873 1371 2933 doctrinam

192 2979 227 3032 ut
243 2971 382 3030 haeresin
403 2969 604 3030 detestandam
624 2972 736 3030 reiecit.
774 2969 832 3040 Qui
850 2989 925 3049 papa
944 2970 1137 3032 Constantino
1151 2971 1177 3031 ll
1198 2972 1371 3050 imperatori

192 3069 307 3130 litteras
340 3067 433 3145 dedit,
466 3067 575 3145 quibus
604 3067 639 3127 de
668 3075 748 3127 recta
779 3067 836 3127 lide
866 3067 990 3129 duarum
1018 3069 1201 3130 voluntatum
1231 3067 1372 3129 disseruit

193 3174 223 3227 et
250 3165 286 3226 ab
314 3168 492 3245 imperatore
521 3165 691 3242 postulavit,
724 3174 758 3226 ut
786 3166 965 3244 exemplaria
994 3167 1162 3244 ectheseos,
1194 3185 1270 3245 quae
1299 3166 1371 3226 locis

192 3264 322 3344 publicis
341 3281 484 3342 suspensa
504 3271 596 3340 erant,
616 3263 747 3323 rescindi
767 3259 924 3347 iuberet.⁴)
963 3263 1157 3325 Heraclonam
1172 3271 1203 3324 et
1215 3263 1371 3324 Martinam

193 3362 264 3423 [idei
295 3360 541 3422 monotheleticae
575 3360 709 3421 addictos
738 3380 804 3422 esse
837 3381 873 3422 ex
901 3365 1003 3422 intima
1037 3364 1180 3440 amicitia,
1213 3380 1270 3440 qua
1303 3380 1371 3421 cum

193 3461 286 3539 Pyrro
310 3467 340 3520 et
362 3459 438 3538 Cyro
462 3461 614 3519 coniuncti
638 3467 731 3536 erant,
756 3459 854 3538 colligi
877 3468 983 3539 potest.

282 3558 393 3637 Pyrrus
420 3564 577 3636 postquam
605 3556 675 3617 sede
703 3557 894 3636 patriarchali
923 3557 1063 3637 depulsus
1092 3565 1151 3636 est,
1183 3558 1215 3616 in
1242 3557 1372 3616 Africam

194 3657 376 3735 provinciam
413 3673 446 3714 se
478 3654 617 3732 contulit,
653 3654 706 3716 ubi
738 3674 806 3716 oum
839 3655 965 3716 Maximo
998 3655 1117 3735 abbate,
1153 3662 1371 3735 propugnatore

285 3891 310 3958 1)
329 3887 470 3943 Honorius
489 3891 616 3942 mostuus
636 3895 679 3942 est
697 3887 743 3942 dio
764 3895 796 3942 12
816 3887 945 3942 Octobris
965 3888 1033 3942 anni
1052 3894 1112 3943 638.

285 3971 311 4039 2)
331 3968 371 4022 Of.
389 3968 457 4022 Vita
471 3968 596 4023 Severini
614 3985 714 4038 papae.
752 3967 811 4023 Lib.
827 3967 927 4037 pontii.
942 3969 955 4020 I
969 3970 1011 4023 ed.
1028 3969 1209 4022 Mommsen
1225 3967 1271 4036 (M.
1283 3965 1315 4021 G.
1326 3965 1371 4034 H.)

194 4069 221 4120 p.
238 4055 289 4103 1to
300 4066 340 4117 sq.
378 4048 502 4103 Maximo
516 4065 582 4118 pars
596 4048 733 4118 pecuniae
748 4046 1021 4118 Constantinopolim
1035 4049 1122 4102 missu
1136 4051 1187 4115 est,
1206 4065 1270 4101 cum
1284 4047 1372 4101 Hera-

194 4129 266 4186 olius
284 4129 367 4184 bellis
386 4128 558 4200 sumptuosis
581 4129 668 4199 gestis
692 4129 722 4182 in
741 4145 879 4182 summam
899 4127 1097 4183 difficultatem
1115 4126 1301 4182 nummariam
1320 4127 1371 4180 ad·

195 4210 296 4265 ductus
315 4212 397 4264 esset.

285 4293 311 4361 3)
331 4289 515 4346 Consecratur
530 4294 564 4342 28
579 4289 663 4359 diali)
700 4289 758 4344 Mei
777 4289 844 4343 anni
859 4295 924 4356 64ος
944 4289 1017 4344 obiit
1035 4294 1051 4341 2
1066 4286 1113 4341 die
1126 4287 1249 4358 Augusti
1267 4286 1371 4342 mensis

194 4371 321 4426 eiusdem
340 4370 415 4426 anni.

285 4455 312 4520 4)
331 4451 441 4504 blansi
460 4449 493 4516 X,
512 4467 540 4518 p.
556 4455 607 4504 682
619 4467 679 4518 sqq.

1106 4537 1140 4588 41
