3304 5098
653 363 874 427 „15-

175 546 347 626 spiciendae
379 553 449 606 sunt
482 539 533 628 (M.
554 544 586 605 G.
605 545 640 606 H.
672 545 839 623 Scriptores
872 564 973 606 rerum
1004 545 1294 624 Longobardicarum
1324 554 1356 607 ct

173 645 353 723 Italicarum,
373 663 449 704 saec.
465 641 602 703 Vl-lX.
623 642 668 702 ed.
683 635 802 726 Waitz).
839 643 951 718 ductor
968 647 1045 704 vitae
1066 643 1094 704 S.
1114 643 1235 704 Harbati
1253 634 1356 706 narrat

173 743 376 804 Beneventum
404 740 523 820 urbem,
552 759 640 819 quam
664 739 770 799 Gracci
793 740 992 820 obsedissent,
1020 741 1175 802 liberatam
1204 761 1271 802 3333
1296 761 1354 803 non

173 843 232 902 nisi
260 840 370 902 auxilio
399 848 428 899 31
455 838 638 917 benignitate
668 838 724 916 dei,
753 847 909 917 postquam
934 841 1021 918 cives,
1045 841 1097 918 qui
1121 839 1157 899 dc
1182 859 1234 900 sua
1259 840 1353 901 salute

173 940 426 1018 desperavissent,
454 937 581 997 Harbato
609 937 746 997 hortante
774 956 806 998 se
835 937 871 996 ad
899 937 988 997 fidem
1016 937 1208 998 christianam
1232 957 1356 998 conver·

173 1039 291 1097 iissent.
338 1035 446 1105 Quanti
473 1036 547 1095 hacc
575 1034 673 1094 fabula
698 1033 879 1094 aestimanda
903 1036 949 1112 sit,
973 1034 1102 1095 alienum
1127 1043 1172 1094 331
1196 1053 1354 1113 exponere.

176 1134 234 1196 Sed
263 1136 352 1194 etiam
380 1133 493 1212 verbis,
522 1133 630 1212 quibus
659 1132 821 1193 discrimen
844 1141 875 1192 31
897 1132 1075 1212 periculum,
1103 1135 1134 1192 iu
1158 1132 1236 1211 quod
1260 1133 1355 1195 Hene-

175 1234 301 1310 ventani,
325 1240 482 1310 antequam
507 1230 544 1290 ad
565 1231 654 1292 tidem
679 1232 870 1292 christianam
895 1233 1102 1310 accessissent,
1124 1233 1220 1291 vocati
1244 1240 1354 1311 essent,

175 1331 341 1390 illustratur
365 1338 395 1389 31
416 1337 519 1408 postca
538 1330 669 1390 rel'ertur
690 1333 822 1404 ,uicinis
841 1332 1092 1404 opitulationibus
1110 1347 1178 1390 eum
1201 1322 1257 1411 (sc.
1278 1329 1354 1390 Con·

179 1421 365 1510 stantinum),
389 1445 476 1502 quem
499 1432 663 1502 nequirent
686 1430 729 1487 od
749 1424 877 1488 mentem
897 1432 1025 1503 flectere
1048 1432 1187 1488 immensi
1202 1431 1356 1504 ponderis

176 1535 337 1602 arpentum
357 1529 404 1586 vet
417 1543 527 1586 eurum
542 1534 634 1600 utque
648 1530 810 1585 innumero
824 1528 985 1586 multitudo
993 1530 1202 1601 pretiosorum
1217 1529 1353 1602 tapidum

174 1633 203 1685 et
225 1629 478 1699 marparitnrnrn,
502 1625 706 1684 Beneventum
735 1623 931 1699 deseruisse“,
959 1622 1039 1682 haud
1065 1625 1106 1683 ita
1133 1621 1259 1684 multum
1284 1623 1355 1684 fidei

174 1722 317 1801 tribuam,
341 1723 451 1800 quippe
475 1740 551 1799 quae
575 1721 651 1780 iacta
676 1738 742 1780 3333
766 1720 840 1779 mihi
858 1718 1022 1797 videantur,
1045 1727 1079 1779 ut
1101 1728 1280 1797 praepotens
1305 1719 1353 1780 dei

173 1829 278 1880 natura
302 1838 337 1880 co
360 1821 455 1896 magis
478 1819 687 1880 illustraretur.

261 1917 365 1977 Restat
387 1935 475 1994 nunc,
494 1925 528 1975 ut
546 1918 650 1995 paucis
664 1916 763 1976 verbis
782 1917 901 1975 sontes
921 1915 1088 1994 Syriacos
1108 1915 1354 1994 Arabicosque

176 2017 326 2093 attingam,
346 2014 454 2092 quihus
472 2016 633 2092 praecipue
652 2017 683 2074 in
702 2013 789 2074 bellis
809 2032 884 2091 quae
903 2014 982 2072 inter
996 2011 1125 2074 Graecos
1144 2022 1174 2074 31
1189 2014 1353 2074 Saracenos

175 2121 257 2191 gesta
277 2119 347 2172 sunt
366 2110 570 2171 describendis
589 2111 733 2172 utendum
754 2113 819 2172 erit.
866 2111 948 2171 luter
967 2111 1103 2190 Syriacos
1127 2112 1224 2172 tontes
1248 2112 1353 2172 chro-

174 2211 249 2268 nici
273 2210 486 2288 fragmenta,
510 2228 585 2288 quae
605 2209 787 2270 Nocldeke
809 2202 853 2290 (Z.
870 2208 896 2268 d.
911 2209 943 2268 11.
958 2209 995 2268 Μ.
1011 2208 1042 2268 G.
1060 2206 1146 2269 1875
1165 2229 1192 2288 p.
1209 2206 1251 2270 82
1272 2205 1350 2294 sqq.)

174 2307 286 2386 publici
309 2309 383 2368 iuris
407 2308 478 2366 iecit
501 2317 531 2366 et
553 2307 711 2367 vernacule
730 2310 827 2384 uertit,
851 2309 951 2385 magni
970 2307 1151 2368 aestimanda
1171 2317 1249 2387 sunt,
1273 2308 1353 2387 quod

174 2413 248 2465 testc
283 2404 432 2464 Noeidehe
470 2405 631 2466 chronicon
667 2424 726 2464 uon
760 2405 853 2464 multo
885 2414 952 2482 post
989 2423 1037 2465 res
1075 2424 1150 2484 qnae
1187 2413 1354 2468 tractantur
1418 2486 1422 2494 Ι

175 2504 372 2581 compositum
396 2521 462 2563 3333
481 2503 607 2562 videtur.
654 2502 766 2562 Deinde
786 2512 1056 2564 commemorentur
1080 2504 1250 2564 chronica
1272 2504 1354 2564 Dio·

174 2603 253 2679 nysi
272 2600 567 2661 Telmaharensis
591 2603 641 2679 qui
667 2601 776 2661 dicitur
795 2611 823 2661 31
842 2601 1029 2661 Michaelis
1049 2601 1129 2680 Syri
1152 2611 1182 2662 31
1201 2601 1268 2661 Β33
1286 2601 1353 2662 Η3-

174 2697 274 2758 hraci
307 2707 337 2758 31
366 2698 465 2759 Ε1133
496 2698 676 2777 Nisibeni,
710 2699 818 2777 quibus
849 2701 957 2777 partim
989 2717 1025 2758 ex
1056 2697 1176 2788 Graecis
1209 2698 1354 2777 exemplis

175 2796 315 2856 derivatis
339 2796 489 2856 interdum
514 2795 643 2858 Graecae
667 2815 716 2857 res
739 2803 912 2856 tractantur.

263 2893 348 2964 Quod
372 2893 410 2953 ad
423 2893 564 2955 Arabicas
589 2895 685 2955 ioutcs
709 2897 821 2973 attinet,
845 2904 964 2972 praeter
986 2913 1096 2973 paucos
1120 2894 1278 2956 translatos
1302 2894 1352 2955 ad·

173 2991 277 3052 hibere
297 2991 395 3052 nullos
413 2995 504 3072 potui,
528 2995 597 3072 qnia
616 2992 758 3052 Arabicae
778 2992 896 3070 linguae
916 2993 1073 3071 imperitus
1093 3011 1173 3074 sum,
1198 2995 1297 3072 itaque
1321 2995 1353 3054 in

174 3091 295 3167 scriptis
311 3092 443 3150 virorum
464 3090 626 3168 doctorum,
646 3091 763 3168 quibis
782 3093 814 3172 ip
834 3089 1058 3168 quaestionibus
1078 3092 1187 3151 versati
1207 3099 1285 3170 sunt,
1306 3109 1353 3152 re·

174 3187 336 3266 spiciendis
359 3189 434 3248 mihi
458 3187 707 3267 acquiescendum
733 3196 786 3248 est.
927 3253 931 3262 ,

263 3285 316 3345 His
341 3285 376 3346 de
401 3285 531 3346 fontibus
555 3287 729 3365 praemissis
758 3304 838 3346 nuuc
862 3286 898 3346 ad
922 3287 1076 3346 historiam
1101 3289 1195 3365 ipsam
1220 3287 1354 3348 scriben-

175 3381 242 3442 dam
267 3383 450 3444 accedamus.

216 3599 374 3672 Quomodo
399 3600 556 3666 donctens
578 3603 756 3685 inperator
778 3601 886 3668 lactus
909 3604 943 3668 31
966 3603 1177 3669 inhonorem
1199 3605 1307 3688 patris

502 3699 738 3766 Constantinus
761 3701 947 3766 nominatus
970 3701 1024 3768 sit.

263 3844 418 3906 Heraclius
448 3849 621 3926 imperator,
650 3850 701 3926 qni
729 3847 767 3908 111
797 3847 843 3908 die
868 3849 1022 3909 Februarii
1055 3853 1124 3909 anui
1153 3847 1216 3910 641
1247 3869 1263 3910 3
1292 3853 1351 3911 vita

175 3938 344 4027 discessit¹)
365 3948 542 4005 testamento
562 3940 776 4030 decreverad),
795 3955 828 4006 ut.
846 3947 900 4006 tilii
919 3946 1130 4008 Constantinus
1150 3957 1180 4008 et
1197 3947 1353 4010 Heraclius

175 4059 268 4118 aequo
292 4045 357 4102 iure
383 4035 556 4126 (ἰσότιμοι)
581 4043 785 4105 succederent.
832 4044 964 4114 Quorum
983 4044 1066 4124 alter,
1090 4047 1190 4125 quiet
1209 4044 1351 4107 Constan-

174 4139 254 4198 tinus
277 4158 371 4200 novus
395 4149 423 4200 et
448 4140 602 4202 Heraclius
626 4144 724 4202 iunior
747 4137 995 4225 nominabatur³)‚
1024 4163 1059 4204 cx
1084 4143 1228 4224 Eudocia,
1256 4146 1352 4224 prima

264 4313 290 4379 1)
310 4311 350 4366 cr.
370 4277 467 4382 Pagi,
488 4311 592 4367 oncino
611 4314 647 4366 aa
667 4331 692 4366 a.
713 4319 773 4380 cir,
787 4314 821 4368 n.

263 4395 289 4458 2)
307 4390 423 4461 Niceph.
444 4392 487 4446 ed.
508 4393 543 4446 de
561 4393 635 4448 Boot
652 4411 679 4463 p.
700 4399 742 4460 27,
758 4401 857 4462 13sqq.

265 4472 291 4538 ³)
310 4469 436 4540 Theoph.
456 4471 499 4524 cd.
520 4472 555 4526 de
575 4473 646 4527 Boor
664 4492 691 4542 p.
712 4480 773 4541 300,
788 4480 812 4528 8.
850 4474 968 4543 Niceph.
988 4493 1015 4544 p.
1036 4483 1060 4542 u,
1077 4483 1099 4528 1.
