3304 5098
692 283 909 346 -79-

213 465 322 526 auxilio
345 466 508 525 missurum
533 483 612 543 esse,
640 465 789 543 proficisci
812 465 911 526 voluit.
959 465 1080 544 Sergius
1104 467 1134 524 in
1158 467 1264 526 itinere
1289 474 1392 546 captus

214 572 243 623 et
276 563 312 623 ad
340 561 486 622 Andream
521 561 665 623 adductus
698 570 756 641 est,
789 564 841 642 qui
874 562 1089 642 adversarium,
1121 569 1155 624 ut
1187 566 1326 624 iniuriam
1355 563 1392 625 ab

213 660 263 721 illo
297 669 446 740 acceptam
479 658 689 738 ulcisceretur,
722 659 926 720 crudelissime
954 660 1121 740 mutilatum
1150 662 1391 741 suspendendum

212 760 335 820 curavit.

303 855 513 917 Constantinus
533 875 600 917 cum
621 857 816 934 comperisset
833 854 990 916 Phadalam
1011 855 1132 916 Saborio
1152 857 1260 918 auxilio
1280 860 1392 936 venire,

213 953 382 1034 Nicephoro
401 955 535 1033 patricio,
558 961 715 1032 postquam
735 971 802 1013 eum
823 955 967 1014 exercitui
985 954 1136 1033 praefecit,
1160 954 1270 1015 bellum
1290 963 1392 1016 contra

213 1053 391 1113 rebellantes
415 1051 578 1130 gerendum
602 1051 759 1111 mandarit.
803 1050 980 1130 Priusquam
1004 1060 1102 1112 autem
1121 1071 1227 1114 manus
1250 1072 1392 1114 conseru-

213 1158 310 1228 erunt,
335 1150 484 1228 Saborius‚
509 1151 559 1229 qui
583 1143 805 1232 Adrianopoli1)
830 1151 930 1229 copias
953 1151 1074 1228 paravit,
1100 1148 1135 1210 de
1159 1170 1235 1230 equo
1259 1159 1391 1212 conster-

213 1256 282 1309 nato
307 1248 406 1328 lapsus
430 1250 528 1308 evita
553 1247 698 1308 discessit.
745 1245 809 1306 Una
833 1265 900 1306 oum
924 1255 1019 1308 morte
1043 1250 1187 1326 principis
1211 1247 1317 1310 seditio
1341 1267 1392 1309 ex·

214 1347 321 1406 stinota
349 1354 395 1407 est
422 1354 452 1406 et
478 1346 624 1422 Armenii,
652 1353 686 1404 ut
714 1363 748 1404 ex
777 1344 965 1423 Theophanis
993 1345 1093 1406 verbis
1121 1345 1258 1407 concludi
1285 1355 1393 1426 potest,

214 1443 268 1504 sub
301 1446 461 1523 imperium
494 1442 675 1504 Graecorum
709 1443 834 1503 rediisse
867 1437 1047 1527 videntur.²)
1104 1443 1281 1523 Theophane
1314 1453 1391 1506 teste

212 1540 354 1602 Phadalas
385 1561 453 1602 cum
484 1540 657 1620 Hexapolim
687 1543 818 1600 venisset
849 1549 891 1619 et,
922 1560 997 1619 quae
1027 1543 1148 1602 interim
1177 1551 1258 1620 gesta
1282 1551 1392 1621 essent,

213 1641 415 1719 comperisset,
439 1640 576 1718 cognovit
595 1657 627 1698 se
646 1639 700 1698 hac
720 1640 881 1699 mutatione
901 1657 1002 1700 rerum
1021 1658 1160 1718 magnum
1180 1643 1210 1700 in
1231 1641 1392 1702 discrimen

212 1746 348 1798 vocatum
373 1757 447 1798 esse.
493 1737 556 1807 Qua
580 1755 612 1796 re
637 1756 653 1796 a
676 1735 768 1796 Maria
792 1737 933 1796 auxilium
956 1739 1068 1816 petivit.

301 1835 335 1895 ln
355 1835 445 1896 rebus
464 1834 658 1914 sequentibus
676 1834 833 1894 narrandis
848 1834 1042 1914 Theophanes
1062 1854 1129 1896 oum
1144 1836 1277 1897 Arabicis
1297 1839 1392 1916 scrip-

212 1932 328 1994 toribus
362 1932 516 2012 discrepat.
568 1932 632 2003 Quo
665 1941 785 1992 auctore
813 1931 906 1992 blavia
933 1932 1011 1994 lazid
1043 1933 1137 1994 silium
1171 1934 1207 1994 ad
1234 1934 1391 1996 Phadalam

213 2050 281 2090 cum
311 2031 426 2091 auxiliis
455 2033 543 2091 misit.
586 2031 745 2109 Postquam
770 2048 801 2090 se
826 2032 1056 2110 coniunxerunt,
1085 2030 1299 2093 Chalcedonam
1322 2052 1392 2112 pro·

213 2129 309 2206 gressi
342 2137 419 2189 sunt.
466 2129 563 2189 Etiam
592 2128 744 2188 Amorium
778 2137 934 2208 ceperunt,
968 2128 1020 2188 ubi
1047 2130 1229 2208 praesidium
1259 2133 1390 2211 quinque

212 2226 327 2287 milium
355 2227 483 2287 militum
512 2225 705 2304 reliquerunt.
756 2225 869 2286 Deinde
897 2228 928 2286 in
957 2227 1071 2306 Syriam
1100 2227 1261 2288 redierunt.
1312 2227 1391 2289 llaec

213 2323 333 2403 quidem
365 2324 561 2403 Theophanes
593 2324 693 2384 refert.
746 2323 856 2384 Arabes
888 2343 958 2384 vero
990 2324 1155 2404 Bosporum
1188 2333 1391 2403 transgressos

212 2421 384 2502 Byzantium
417 2424 514 2501 ipsum
543 2421 695 2482 obsedisse
724 2440 758 2482 ex
787 2421 922 2482 Arabicis
950 2420 1079 2482 lontibus
1108 2429 1138 2482 et
1166 2422 1238 2501 Syro
1266 2422 1391 2484 Noelde-

212 2519 300 2579 hiano
324 2519 428 2579 elucet.
436 2513 461 2603 ⁸)
510 2519 567 2579 Sed
593 2518 663 2580 dum
687 2527 775 2598 caput
798 2522 916 2598 imperii
940 2520 975 2581 ab
999 2519 1134 2581 hostibus
1157 2527 1290 2599 urgetur,
1314 2520 1390 2582 Con·

213 2618 360 2678 stantinus
388 2619 550 2695 imperator
577 2620 606 2677 in
632 2617 732 2677 Sicilia
761 2617 826 2678 dolo
850 2626 972 2678 necatus
996 2628 1049 2678 est.
1096 2618 1156 2696 Age
1179 2636 1249 2678 vero
1273 2620 1330 2678 iam
1354 2617 1391 2678 ad

211 2714 396 2776 occidentem
420 2734 474 2775 nos
498 2724 712 2775 convertamus.

357 2993 443 3065 Quae
466 2994 698 3060 Constantinus
721 2997 756 3060 in
780 2995 881 3060 Italia
904 2997 937 3060 et
961 2995 1074 3061 Sicilie
1097 2997 1247 3078 gesserit.

301 3150 460 3230 Tempore,
493 3171 551 3230 quo
584 3154 746 3231 imperator
772 3152 886 3212 ltaliam
919 3154 1052 3231 intravit,
1085 3152 1235 3213 Grimoald
1264 3171 1390 3232 regnum

211 3247 470 3325 Langobardorum
495 3248 623 3310 obtinuit
647 3258 677 3310 et
699 3249 855 3330 Romuald,
880 3249 958 3310 lilius
983 3251 1098 3311 iuvenis
1122 3253 1214 3330 regis,
1237 3250 1389 3312 Beneven-

210 3353 278 3406 tano
317 3345 448 3425 ducatui,
491 3349 600 3426 quippe
638 3367 726 3427 quem
763 3347 799 3408 ab
836 3347 960 3408 Alhoino
993 3367 1063 3428 rege
1097 3351 1264 3410 institutum
1299 3348 1390 3410 duces

210 3447 386 3522 expugnatis
414 3445 585 3523 regionibus
611 3444 647 3505 ad
674 3445 831 3506 meridiem
855 3447 921 3506 sitis
945 3446 1216 3526 amplificavissent‚
1244 3455 1389 3526 praeerat.

209 3539 293 3602 Hanc
330 3550 444 3620 partem
481 3543 580 3604 ltaliae
618 3543 829 3604 Constantinus
870 3547 996 3623 primam
1034 3544 1234 3623 Langobardis
1272 3547 1389 3624 eripere

210 3639 337 3720 studuit3
367 3649 454 3720 atque
483 3659 549 3700 eurn
579 3643 663 3701 initio
692 3641 762 3701 belli
789 3659 853 3702 rem
882 3644 953 3702 satis
980 3660 1122 3721 prospere
1151 3644 1279 3721 gessisse
1307 3642 1389 3703 vide·

210 3735 317 3798 bimus.

299 3835 463 3915 Imperator
485 3837 612 3898 Tarento
641 3839 771 3916 primum
798 3839 830 3898 in
854 3837 988 3917 Apuliam
1017 3857 1049 3898 se
1078 3839 1223 3899 convertit
1247 3846 1276 3898 et
1299 3838 1389 3898 huius

301 4075 325 4136 1)
344 4069 483 4125 Hieroclis
502 4071 706 4141 Synecdemue3
725 4076 786 4139 oet,
801 4077 836 4126 3?

301 4155 328 4216 ⁸2)
348 4149 472 4220 Theoph.
488 4169 517 4220 p.
536 4156 597 4220 350,
608 4159 655 4205 29:
682 4155 813 4214 Φαΰαλᾶς
831 4151 974 4206 ἀπέστειλε
993 4152 1063 4220 πρὸς
1081 4150 1201 4206 Μαυΐαν
1220 4151 1307 4208 αἰτῶν
1321 4151 1388 4224 βοή-

209 4232 297 4286 θειαν
316 4229 364 4284 διὰ
383 4231 414 4286 τὸ
433 4232 498 4295 τοὺς
512 4229 673 4300 Ῥωμαίους
693 4233 734 4296 εἰς
753 4230 889 4302 ὁμόνοιαν
908 4232 1010 4288 tereto.

299 4312 325 4380 3)
345 4309 387 4364 De
401 4311 454 4365 hac
470 4311 649 4380 expeditione
665 4311 699 4366 cf.
710 4311 890 4380 quaestiones
905 4311 1137 4383 diligentissimus
1147 4312 1388 4368 Wellheuseni

208 4405 235 4457 p.
256 4394 307 4444 422
319 4407 359 4459 sq.
