<?xml version="1.0" encoding="UTF-8"?>
<!DOCTYPE html PUBLIC "-//W3C//DTD XHTML 1.0 Transitional//EN"
    "http://www.w3.org/TR/xhtml1/DTD/xhtml1-transitional.dtd">
<html xmlns="http://www.w3.org/1999/xhtml" xml:lang="en" lang="en">
 <head>
  <title>
</title>
<meta http-equiv="Content-Type" content="text/html;charset=utf-8" />
  <meta name='ocr-system' content='tesseract 3.04.00' />
  <meta name='ocr-capabilities' content='ocr_page ocr_carea ocr_par ocr_line ocrx_word'/>
</head>
<body>
  <div class='ocr_page' id='page_1' title='image "./deimperioconsta00kaesgoog_0052.png"; bbox 0 0 3304 5098; ppageno 0'>
   <div class='ocr_carea' id='block_1_1' title="bbox 673 347 893 410">
    <p class='ocr_par' dir='ltr' id='par_1_1' title="bbox 673 347 893 410">
     <span class='ocr_line' id='line_1_1' title="bbox 673 347 893 410; baseline -0.005 -18"><span class='ocrx_word' id='word_1_1' title='bbox 673 347 893 410; x_wconf 66' lang='lat'><strong>„47-</strong></span> 
     </span>
    </p>
   </div>
   <div class='ocr_carea' id='block_1_2' title="bbox 193 527 1375 1783">
    <p class='ocr_par' dir='ltr' id='par_1_2' title="bbox 193 527 1375 1783">
     <span class='ocr_line' id='line_1_2' title="bbox 283 527 1373 609; baseline 0.001 -21"><span class='ocrx_word' id='word_1_2' title='bbox 283 529 368 609; x_wconf 92' lang='lat' dir='ltr'><strong>Apud</strong></span> <span class='ocrx_word' id='word_1_3' title='bbox 391 529 584 607; x_wconf 80' lang='lat' dir='ltr'><strong>Phoenicem,</strong></span> <span class='ocrx_word' id='word_1_4' title='bbox 613 547 687 607; x_wconf 90' lang='lat' dir='ltr'><strong>quae</strong></span> <span class='ocrx_word' id='word_1_5' title='bbox 715 527 788 588; x_wconf 93' lang='lat' dir='ltr'><strong>urbs</strong></span> <span class='ocrx_word' id='word_1_6' title='bbox 817 527 853 588; x_wconf 94' lang='lat' dir='ltr'><strong>ad</strong></span> <span class='ocrx_word' id='word_1_7' title='bbox 877 527 982 606; x_wconf 81' lang='lat' dir='ltr'><strong>Lyciae</strong></span> <span class='ocrx_word' id='word_1_8' title='bbox 1011 528 1081 589; x_wconf 90' lang='lat' dir='ltr'><strong>litus</strong></span> <span class='ocrx_word' id='word_1_9' title='bbox 1105 530 1161 589; x_wconf 88' lang='lat' dir='ltr'><strong>sita</strong></span> <span class='ocrx_word' id='word_1_10' title='bbox 1185 538 1242 607; x_wconf 90' lang='lat' dir='ltr'><strong>est,</strong></span> <span class='ocrx_word' id='word_1_11' title='bbox 1265 529 1373 590; x_wconf 91' lang='lat' dir='ltr'><strong>Abula-</strong></span> 
     </span>
     <span class='ocr_line' id='line_1_3' title="bbox 194 620 1373 710; baseline 0.002 -24"><span class='ocrx_word' id='word_1_12' title='bbox 194 627 262 686; x_wconf 84' lang='lat' dir='ltr'><strong>thar</strong></span> <span class='ocrx_word' id='word_1_13' title='bbox 284 629 316 686; x_wconf 90' lang='lat' dir='ltr'><strong>in</strong></span> <span class='ocrx_word' id='word_1_14' title='bbox 336 626 479 687; x_wconf 79' lang='lat' dir='ltr'><strong>Graecam</strong></span> <span class='ocrx_word' id='word_1_15' title='bbox 502 627 628 687; x_wconf 88' lang='lat' dir='ltr'><strong>classem</strong></span> <span class='ocrx_word' id='word_1_16' title='bbox 652 620 800 710; x_wconf 82' lang='lat' dir='ltr'><strong>incidit1)‚</strong></span> <span class='ocrx_word' id='word_1_17' title='bbox 824 627 873 686; x_wconf 90' lang='lat' dir='ltr'><strong>cui</strong></span> <span class='ocrx_word' id='word_1_18' title='bbox 892 625 1104 687; x_wconf 77' lang='lat' dir='ltr'><strong>Constantinus</strong></span> <span class='ocrx_word' id='word_1_19' title='bbox 1127 629 1290 706; x_wconf 84' lang='lat' dir='ltr'><strong>imperator</strong></span> <span class='ocrx_word' id='word_1_20' title='bbox 1308 630 1373 707; x_wconf 88' lang='lat' dir='ltr'><strong>ipse</strong></span> 
     </span>
     <span class='ocr_line' id='line_1_4' title="bbox 194 718 1372 806; baseline 0 -22"><span class='ocrx_word' id='word_1_21' title='bbox 194 725 330 803; x_wconf 88' lang='lat' dir='ltr'><strong>praeluit.</strong></span> <span class='ocrx_word' id='word_1_22' title='bbox 376 724 473 785; x_wconf 86' lang='lat' dir='ltr'><strong>Etiam</strong></span> <span class='ocrx_word' id='word_1_23' title='bbox 497 725 589 785; x_wconf 85' lang='lat' dir='ltr'><strong>irater</strong></span> <span class='ocrx_word' id='word_1_24' title='bbox 613 727 686 802; x_wconf 90' lang='lat' dir='ltr'><strong>eius,</strong></span> <span class='ocrx_word' id='word_1_25' title='bbox 710 723 894 784; x_wconf 87' lang='lat' dir='ltr'><strong>Theodosius</strong></span> <span class='ocrx_word' id='word_1_26' title='bbox 917 725 1046 802; x_wconf 90' lang='lat' dir='ltr'><strong>nomine,</strong></span> <span class='ocrx_word' id='word_1_27' title='bbox 1070 723 1200 785; x_wconf 79' lang='lat' dir='ltr'><strong>adfuisse</strong></span> <span class='ocrx_word' id='word_1_28' title='bbox 1226 718 1372 806; x_wconf 74' lang='lat' dir='ltr'><strong>dicitur.²)</strong></span> 
     </span>
     <span class='ocr_line' id='line_1_5' title="bbox 195 821 1374 902; baseline 0.001 -20"><span class='ocrx_word' id='word_1_29' title='bbox 195 821 312 882; x_wconf 81' lang='lat' dir='ltr'><strong>Classes</strong></span> <span class='ocrx_word' id='word_1_30' title='bbox 336 821 517 900; x_wconf 80' lang='lat' dir='ltr'><strong>aliquamdiu</strong></span> <span class='ocrx_word' id='word_1_31' title='bbox 540 824 572 882; x_wconf 95' lang='lat' dir='ltr'><strong>in</strong></span> <span class='ocrx_word' id='word_1_32' title='bbox 596 825 659 882; x_wconf 86' lang='lat' dir='ltr'><strong>acic</strong></span> <span class='ocrx_word' id='word_1_33' title='bbox 683 824 802 882; x_wconf 82' lang='lat' dir='ltr'><strong>stetisse</strong></span> <span class='ocrx_word' id='word_1_34' title='bbox 820 821 967 882; x_wconf 84' lang='lat' dir='ltr'><strong>videntur.</strong></span> <span class='ocrx_word' id='word_1_35' title='bbox 1005 821 1068 882; x_wconf 91' lang='lat' dir='ltr'><strong>Una</strong></span> <span class='ocrx_word' id='word_1_36' title='bbox 1088 841 1146 882; x_wconf 85' lang='lat' dir='ltr'><strong>nox</strong></span> <span class='ocrx_word' id='word_1_37' title='bbox 1165 823 1374 902; x_wconf 85' lang='lat' dir='ltr'><strong>saltamprae-</strong></span> 
     </span>
     <span class='ocr_line' id='line_1_6' title="bbox 194 914 1374 1004; baseline 0 -24"><span class='ocrx_word' id='word_1_38' title='bbox 194 922 289 997; x_wconf 93' lang='lat' dir='ltr'><strong>teriit,</strong></span> <span class='ocrx_word' id='word_1_39' title='bbox 318 923 491 999; x_wconf 89' lang='lat' dir='ltr'><strong>priusquam</strong></span> <span class='ocrx_word' id='word_1_40' title='bbox 521 920 669 999; x_wconf 87' lang='lat' dir='ltr'><strong>proelium</strong></span> <span class='ocrx_word' id='word_1_41' title='bbox 697 922 888 981; x_wconf 90' lang='lat' dir='ltr'><strong>commissum</strong></span> <span class='ocrx_word' id='word_1_42' title='bbox 918 914 998 1004; x_wconf 79' lang='lat' dir='ltr'><strong>est.³)</strong></span> <span class='ocrx_word' id='word_1_43' title='bbox 1050 919 1138 980; x_wconf 85' lang='lat' dir='ltr'><strong>Teste</strong></span> <span class='ocrx_word' id='word_1_44' title='bbox 1166 921 1284 999; x_wconf 91' lang='lat' dir='ltr'><strong>Waqidi</strong></span> <span class='ocrx_word' id='word_1_45' title='bbox 1312 915 1374 1004; x_wconf 83' lang='lat' dir='ltr'><strong>(ap.</strong></span> 
     </span>
     <span class='ocr_line' id='line_1_7' title="bbox 193 1012 1373 1102; baseline 0.001 -25"><span class='ocrx_word' id='word_1_46' title='bbox 193 1017 301 1078; x_wconf 85' lang='lat' dir='ltr'><strong>Tabari</strong></span> <span class='ocrx_word' id='word_1_47' title='bbox 317 1014 533 1097; x_wconf 77' lang='lat' dir='ltr'><strong>1,2867sqq.:</strong></span> <span class='ocrx_word' id='word_1_48' title='bbox 554 1019 591 1078; x_wconf 86' lang='lat' dir='ltr'><strong>ci.</strong></span> <span class='ocrx_word' id='word_1_49' title='bbox 602 1017 865 1090; x_wconf 85' lang='lat' dir='ltr'><strong>Wellhausenl.</strong></span> <span class='ocrx_word' id='word_1_50' title='bbox 882 1037 905 1078; x_wconf 93' lang='lat' dir='ltr'><strong>c.</strong></span> <span class='ocrx_word' id='word_1_51' title='bbox 921 1038 948 1097; x_wconf 92' lang='lat' dir='ltr'><strong>p.</strong></span> <span class='ocrx_word' id='word_1_52' title='bbox 963 1012 1044 1102; x_wconf 86' lang='grc'>419)</span> <span class='ocrx_word' id='word_1_53' title='bbox 1061 1016 1167 1078; x_wconf 86' lang='lat' dir='ltr'><strong>Graeci</strong></span> <span class='ocrx_word' id='word_1_54' title='bbox 1181 1027 1277 1098; x_wconf 91' lang='lat' dir='ltr'><strong>nocte,</strong></span> <span class='ocrx_word' id='word_1_55' title='bbox 1297 1037 1373 1098; x_wconf 84' lang='lat' dir='ltr'><strong>quae</strong></span> 
     </span>
     <span class='ocr_line' id='line_1_8' title="bbox 194 1115 1373 1195; baseline 0.003 -21"><span class='ocrx_word' id='word_1_56' title='bbox 194 1133 324 1194; x_wconf 88' lang='lat' dir='ltr'><strong>pugnam</strong></span> <span class='ocrx_word' id='word_1_57' title='bbox 344 1119 512 1194; x_wconf 80' lang='lat' dir='ltr'><strong>antecessit,</strong></span> <span class='ocrx_word' id='word_1_58' title='bbox 532 1135 688 1194; x_wconf 89' lang='lat' dir='ltr'><strong>campanas</strong></span> <span class='ocrx_word' id='word_1_59' title='bbox 708 1115 909 1195; x_wconf 86' lang='lat' dir='ltr'><strong>pulsaverunt,</strong></span> <span class='ocrx_word' id='word_1_60' title='bbox 933 1116 1044 1176; x_wconf 81' lang='lat' dir='ltr'><strong>Arabes</strong></span> <span class='ocrx_word' id='word_1_61' title='bbox 1064 1117 1183 1195; x_wconf 90' lang='lat' dir='ltr'><strong>quidem</strong></span> <span class='ocrx_word' id='word_1_62' title='bbox 1202 1135 1309 1195; x_wconf 88' lang='lat' dir='ltr'><strong>preces</strong></span> <span class='ocrx_word' id='word_1_63' title='bbox 1330 1118 1373 1177; x_wconf 87' lang='lat' dir='ltr'><strong>lc·</strong></span> 
     </span>
     <span class='ocr_line' id='line_1_9' title="bbox 195 1213 1373 1294; baseline 0.003 -22"><span class='ocrx_word' id='word_1_64' title='bbox 195 1221 309 1274; x_wconf 88' lang='lat' dir='ltr'><strong>cerunt.</strong></span> <span class='ocrx_word' id='word_1_65' title='bbox 364 1213 405 1274; x_wconf 88' lang='lat' dir='ltr'><strong>lle</strong></span> <span class='ocrx_word' id='word_1_66' title='bbox 443 1233 568 1274; x_wconf 92' lang='lat' dir='ltr'><strong>numero</strong></span> <span class='ocrx_word' id='word_1_67' title='bbox 601 1217 720 1274; x_wconf 89' lang='lat' dir='ltr'><strong>navium</strong></span> <span class='ocrx_word' id='word_1_68' title='bbox 751 1216 908 1292; x_wconf 90' lang='lat' dir='ltr'><strong>utriusque</strong></span> <span class='ocrx_word' id='word_1_69' title='bbox 942 1213 1045 1274; x_wconf 90' lang='lat' dir='ltr'><strong>classis</strong></span> <span class='ocrx_word' id='word_1_70' title='bbox 1078 1215 1174 1275; x_wconf 87' lang='lat' dir='ltr'><strong>lontes</strong></span> <span class='ocrx_word' id='word_1_71' title='bbox 1209 1214 1373 1294; x_wconf 89' lang='lat' dir='ltr'><strong>divergunt.</strong></span> 
     </span>
     <span class='ocr_line' id='line_1_10' title="bbox 195 1310 1374 1391; baseline 0.003 -22"><span class='ocrx_word' id='word_1_72' title='bbox 195 1310 344 1372; x_wconf 92' lang='lat' dir='ltr'><strong>Nimirum</strong></span> <span class='ocrx_word' id='word_1_73' title='bbox 362 1312 481 1372; x_wconf 76' lang='lat' dir='ltr'><strong>Arabici</strong></span> <span class='ocrx_word' id='word_1_74' title='bbox 505 1313 667 1391; x_wconf 87' lang='lat' dir='ltr'><strong>scriptores</strong></span> <span class='ocrx_word' id='word_1_75' title='bbox 687 1311 814 1372; x_wconf 90' lang='lat' dir='ltr'><strong>Graecos</strong></span> <span class='ocrx_word' id='word_1_76' title='bbox 837 1331 962 1372; x_wconf 89' lang='lat' dir='ltr'><strong>numero</strong></span> <span class='ocrx_word' id='word_1_77' title='bbox 986 1312 1073 1391; x_wconf 89' lang='lat' dir='ltr'><strong>longe</strong></span> <span class='ocrx_word' id='word_1_78' title='bbox 1093 1315 1263 1391; x_wconf 86' lang='lat' dir='ltr'><strong>superiores</strong></span> <span class='ocrx_word' id='word_1_79' title='bbox 1282 1313 1374 1373; x_wconf 89' lang='lat' dir='ltr'><strong>luisse</strong></span> 
     </span>
     <span class='ocr_line' id='line_1_11' title="bbox 194 1403 1375 1492; baseline 0.001 -23"><span class='ocrx_word' id='word_1_80' title='bbox 194 1403 351 1492; x_wconf 71' lang='lat' dir='ltr'><strong>tradunt.⁴)</strong></span> <span class='ocrx_word' id='word_1_81' title='bbox 402 1410 545 1470; x_wconf 91' lang='lat' dir='ltr'><strong>Matutino</strong></span> <span class='ocrx_word' id='word_1_82' title='bbox 573 1420 707 1489; x_wconf 84' lang='lat' dir='ltr'><strong>temporo</strong></span> <span class='ocrx_word' id='word_1_83' title='bbox 734 1409 881 1488; x_wconf 90' lang='lat' dir='ltr'><strong>proelium</strong></span> <span class='ocrx_word' id='word_1_84' title='bbox 911 1413 1102 1470; x_wconf 91' lang='lat' dir='ltr'><strong>commissum</strong></span> <span class='ocrx_word' id='word_1_85' title='bbox 1131 1418 1176 1470; x_wconf 90' lang='lat' dir='ltr'><strong>est</strong></span> <span class='ocrx_word' id='word_1_86' title='bbox 1204 1417 1234 1470; x_wconf 91' lang='lat' dir='ltr'><strong>et</strong></span> <span class='ocrx_word' id='word_1_87' title='bbox 1259 1409 1375 1488; x_wconf 88' lang='lat' dir='ltr'><strong>Graeci,</strong></span> 
     </span>
     <span class='ocr_line' id='line_1_12' title="bbox 195 1507 1375 1586; baseline -0.001 -18"><span class='ocrx_word' id='word_1_88' title='bbox 195 1510 329 1586; x_wconf 87' lang='lat' dir='ltr'><strong>quamvis</strong></span> <span class='ocrx_word' id='word_1_89' title='bbox 348 1508 466 1569; x_wconf 84' lang='lat' dir='ltr'><strong>fortiter</strong></span> <span class='ocrx_word' id='word_1_90' title='bbox 484 1510 704 1586; x_wconf 89' lang='lat' dir='ltr'><strong>pugnavissent,</strong></span> <span class='ocrx_word' id='word_1_91' title='bbox 728 1509 902 1586; x_wconf 89' lang='lat' dir='ltr'><strong>gravissima</strong></span> <span class='ocrx_word' id='word_1_92' title='bbox 922 1507 1004 1568; x_wconf 91' lang='lat' dir='ltr'><strong>clade</strong></span> <span class='ocrx_word' id='word_1_93' title='bbox 1024 1509 1122 1568; x_wconf 89' lang='lat' dir='ltr'><strong>allecti</strong></span> <span class='ocrx_word' id='word_1_94' title='bbox 1142 1517 1219 1568; x_wconf 92' lang='lat' dir='ltr'><strong>sunt.</strong></span> <span class='ocrx_word' id='word_1_95' title='bbox 1262 1508 1375 1569; x_wconf 88' lang='lat' dir='ltr'><strong>Caedes</strong></span> 
     </span>
     <span class='ocr_line' id='line_1_13' title="bbox 194 1605 1374 1684; baseline 0.001 -19"><span class='ocrx_word' id='word_1_96' title='bbox 194 1613 276 1666; x_wconf 93' lang='lat' dir='ltr'><strong>tanta</strong></span> <span class='ocrx_word' id='word_1_97' title='bbox 299 1607 391 1667; x_wconf 86' lang='lat' dir='ltr'><strong>luisse</strong></span> <span class='ocrx_word' id='word_1_98' title='bbox 421 1605 543 1684; x_wconf 89' lang='lat' dir='ltr'><strong>dicitur,</strong></span> <span class='ocrx_word' id='word_1_99' title='bbox 571 1614 605 1666; x_wconf 93' lang='lat' dir='ltr'><strong>ut</strong></span> <span class='ocrx_word' id='word_1_100' title='bbox 628 1607 772 1682; x_wconf 89' lang='lat' dir='ltr'><strong>sanguine</strong></span> <span class='ocrx_word' id='word_1_101' title='bbox 797 1607 890 1666; x_wconf 86' lang='lat' dir='ltr'><strong>ellnso</strong></span> <span class='ocrx_word' id='word_1_102' title='bbox 913 1625 995 1666; x_wconf 91' lang='lat' dir='ltr'><strong>mare</strong></span> <span class='ocrx_word' id='word_1_103' title='bbox 1019 1606 1189 1666; x_wconf 85' lang='lat' dir='ltr'><strong>rubetieret</strong></span> <span class='ocrx_word' id='word_1_104' title='bbox 1235 1606 1293 1666; x_wconf 88' lang='lat' dir='ltr'><strong>Bar</strong></span> <span class='ocrx_word' id='word_1_105' title='bbox 1316 1606 1374 1666; x_wconf 89' lang='lat' dir='ltr'><strong>lle·</strong></span> 
     </span>
     <span class='ocr_line' id='line_1_14' title="bbox 193 1702 1101 1783; baseline 0 -20"><span class='ocrx_word' id='word_1_106' title='bbox 193 1702 301 1764; x_wconf 89' lang='lat' dir='ltr'><strong>bracus</strong></span> <span class='ocrx_word' id='word_1_107' title='bbox 325 1713 427 1764; x_wconf 90' lang='lat' dir='ltr'><strong>narrat</strong></span> <span class='ocrx_word' id='word_1_108' title='bbox 448 1705 555 1783; x_wconf 87' lang='lat' dir='ltr'><strong>viginti</strong></span> <span class='ocrx_word' id='word_1_109' title='bbox 577 1703 660 1763; x_wconf 93' lang='lat' dir='ltr'><strong>milia</strong></span> <span class='ocrx_word' id='word_1_110' title='bbox 684 1702 864 1764; x_wconf 89' lang='lat' dir='ltr'><strong>Graecorum</strong></span> <span class='ocrx_word' id='word_1_111' title='bbox 888 1705 1002 1764; x_wconf 90' lang='lat' dir='ltr'><strong>occisos</strong></span> <span class='ocrx_word' id='word_1_112' title='bbox 1027 1723 1101 1764; x_wconf 89' lang='lat' dir='ltr'><strong>esse.</strong></span> 
     </span>
    </p>
   </div>
   <div class='ocr_carea' id='block_1_3' title="bbox 193 1811 1375 3556">
    <p class='ocr_par' dir='ltr' id='par_1_3' title="bbox 193 1811 1375 3556">
     <span class='ocr_line' id='line_1_15' title="bbox 283 1811 1374 1890; baseline -0.001 -18"><span class='ocrx_word' id='word_1_113' title='bbox 283 1811 447 1890; x_wconf 89' lang='lat' dir='ltr'><strong>Imperator</strong></span> <span class='ocrx_word' id='word_1_114' title='bbox 476 1813 540 1890; x_wconf 91' lang='lat' dir='ltr'><strong>ipse</strong></span> <span class='ocrx_word' id='word_1_115' title='bbox 569 1830 719 1871; x_wconf 90' lang='lat' dir='ltr'><strong>summum</strong></span> <span class='ocrx_word' id='word_1_116' title='bbox 746 1813 778 1870; x_wconf 94' lang='lat' dir='ltr'><strong>in</strong></span> <span class='ocrx_word' id='word_1_117' title='bbox 807 1813 912 1890; x_wconf 92' lang='lat' dir='ltr'><strong>capitis</strong></span> <span class='ocrx_word' id='word_1_118' title='bbox 935 1811 1101 1890; x_wconf 91' lang='lat' dir='ltr'><strong>periculum</strong></span> <span class='ocrx_word' id='word_1_119' title='bbox 1128 1819 1248 1872; x_wconf 90' lang='lat' dir='ltr'><strong>vocatus</strong></span> <span class='ocrx_word' id='word_1_120' title='bbox 1272 1830 1374 1890; x_wconf 89' lang='lat' dir='ltr'><strong>aeger·</strong></span> 
     </span>
     <span class='ocr_line' id='line_1_16' title="bbox 194 1907 1374 1988; baseline 0.002 -20"><span class='ocrx_word' id='word_1_121' title='bbox 194 1911 269 1969; x_wconf 89' lang='lat' dir='ltr'><strong>rime</strong></span> <span class='ocrx_word' id='word_1_122' title='bbox 294 1910 411 1988; x_wconf 89' lang='lat' dir='ltr'><strong>lugiens</strong></span> <span class='ocrx_word' id='word_1_123' title='bbox 435 1911 524 1970; x_wconf 90' lang='lat' dir='ltr'><strong>vitam</strong></span> <span class='ocrx_word' id='word_1_124' title='bbox 549 1911 684 1969; x_wconf 80' lang='lat' dir='ltr'><strong>servavit.</strong></span> <span class='ocrx_word' id='word_1_125' title='bbox 731 1907 883 1978; x_wconf 85' lang='lat' dir='ltr'><strong>Quomodo</strong></span> <span class='ocrx_word' id='word_1_126' title='bbox 906 1911 938 1968; x_wconf 93' lang='lat' dir='ltr'><strong>in</strong></span> <span class='ocrx_word' id='word_1_127' title='bbox 959 1917 1056 1969; x_wconf 89' lang='lat' dir='ltr'><strong>tutum</strong></span> <span class='ocrx_word' id='word_1_128' title='bbox 1075 1912 1255 1988; x_wconf 89' lang='lat' dir='ltr'><strong>pervenerit,</strong></span> <span class='ocrx_word' id='word_1_129' title='bbox 1278 1909 1374 1970; x_wconf 85' lang='lat' dir='ltr'><strong>Theo·</strong></span> 
     </span>
     <span class='ocr_line' id='line_1_17' title="bbox 194 2006 1374 2086; baseline 0 -20"><span class='ocrx_word' id='word_1_130' title='bbox 194 2007 315 2086; x_wconf 89' lang='lat' dir='ltr'><strong>phanes,</strong></span> <span class='ocrx_word' id='word_1_131' title='bbox 336 2006 481 2085; x_wconf 83' lang='lat' dir='ltr'><strong>Georgius</strong></span> <span class='ocrx_word' id='word_1_132' title='bbox 500 2007 669 2084; x_wconf 80' lang='lat' dir='ltr'><strong>Monachus,</strong></span> <span class='ocrx_word' id='word_1_133' title='bbox 689 2006 747 2066; x_wconf 81' lang='lat' dir='ltr'><strong>llar</strong></span> <span class='ocrx_word' id='word_1_134' title='bbox 760 2006 914 2067; x_wconf 78' lang='lat' dir='ltr'><strong>hebraeus</strong></span> <span class='ocrx_word' id='word_1_135' title='bbox 933 2007 1062 2067; x_wconf 92' lang='lat' dir='ltr'><strong>tradunt.</strong></span> <span class='ocrx_word' id='word_1_136' title='bbox 1101 2006 1218 2085; x_wconf 85' lang='lat' dir='ltr'><strong>Georgii</strong></span> <span class='ocrx_word' id='word_1_137' title='bbox 1239 2007 1374 2068; x_wconf 92' lang='lat' dir='ltr'><strong>Monachi</strong></span> 
     </span>
     <span class='ocr_line' id='line_1_18' title="bbox 194 2104 1373 2185; baseline 0.001 -21"><span class='ocrx_word' id='word_1_138' title='bbox 194 2108 325 2166; x_wconf 91' lang='lat' dir='ltr'><strong>narratio</strong></span> <span class='ocrx_word' id='word_1_139' title='bbox 349 2125 417 2165; x_wconf 91' lang='lat' dir='ltr'><strong>cum</strong></span> <span class='ocrx_word' id='word_1_140' title='bbox 440 2105 499 2165; x_wconf 92' lang='lat' dir='ltr'><strong>Bar</strong></span> <span class='ocrx_word' id='word_1_141' title='bbox 521 2105 649 2166; x_wconf 90' lang='lat' dir='ltr'><strong>Hebraei</strong></span> <span class='ocrx_word' id='word_1_142' title='bbox 674 2105 835 2185; x_wconf 79' lang='lat' dir='ltr'><strong>discrepat3</strong></span> <span class='ocrx_word' id='word_1_143' title='bbox 859 2104 1068 2183; x_wconf 88' lang='lat' dir='ltr'><strong>Theophanem</strong></span> <span class='ocrx_word' id='word_1_144' title='bbox 1093 2113 1191 2165; x_wconf 90' lang='lat' dir='ltr'><strong>autem</strong></span> <span class='ocrx_word' id='word_1_145' title='bbox 1214 2113 1373 2184; x_wconf 90' lang='lat' dir='ltr'><strong>utramque</strong></span> 
     </span>
     <span class='ocr_line' id='line_1_19' title="bbox 194 2202 1373 2282; baseline 0 -19"><span class='ocrx_word' id='word_1_146' title='bbox 194 2203 364 2263; x_wconf 81' lang='lat' dir='ltr'><strong>contudisse</strong></span> <span class='ocrx_word' id='word_1_147' title='bbox 396 2222 486 2282; x_wconf 89' lang='lat' dir='ltr'><strong>supra</strong></span> <span class='ocrx_word' id='word_1_148' title='bbox 513 2203 651 2262; x_wconf 87' lang='lat' dir='ltr'><strong>vidimus.</strong></span> <span class='ocrx_word' id='word_1_149' title='bbox 703 2202 874 2263; x_wconf 89' lang='lat' dir='ltr'><strong>Secundum</strong></span> <span class='ocrx_word' id='word_1_150' title='bbox 902 2203 1025 2263; x_wconf 91' lang='lat' dir='ltr'><strong>alteram</strong></span> <span class='ocrx_word' id='word_1_151' title='bbox 1050 2202 1274 2282; x_wconf 89' lang='lat' dir='ltr'><strong>Constantinus,</strong></span> <span class='ocrx_word' id='word_1_152' title='bbox 1305 2223 1373 2263; x_wconf 87' lang='lat' dir='ltr'><strong>oum</strong></span> 
     </span>
     <span class='ocr_line' id='line_1_20' title="bbox 193 2299 1373 2379; baseline 0.001 -19"><span class='ocrx_word' id='word_1_153' title='bbox 193 2302 454 2368; x_wconf 87' lang='lat' dir='ltr'><strong>vehementissime</strong></span> <span class='ocrx_word' id='word_1_154' title='bbox 483 2301 518 2360; x_wconf 85' lang='lat' dir='ltr'><strong>ab</strong></span> <span class='ocrx_word' id='word_1_155' title='bbox 547 2300 682 2361; x_wconf 90' lang='lat' dir='ltr'><strong>hostibus</strong></span> <span class='ocrx_word' id='word_1_156' title='bbox 710 2309 882 2379; x_wconf 84' lang='lat' dir='ltr'><strong>urgeretur,</strong></span> <span class='ocrx_word' id='word_1_157' title='bbox 910 2308 1024 2361; x_wconf 90' lang='lat' dir='ltr'><strong>vestem</strong></span> <span class='ocrx_word' id='word_1_158' title='bbox 1049 2319 1132 2361; x_wconf 92' lang='lat' dir='ltr'><strong>suam</strong></span> <span class='ocrx_word' id='word_1_159' title='bbox 1156 2303 1268 2378; x_wconf 88' lang='lat' dir='ltr'><strong>regiam</strong></span> <span class='ocrx_word' id='word_1_160' title='bbox 1293 2299 1373 2362; x_wconf 89' lang='lat' dir='ltr'><strong>lideli</strong></span> 
     </span>
     <span class='ocr_line' id='line_1_21' title="bbox 193 2398 1373 2478; baseline 0.002 -20"><span class='ocrx_word' id='word_1_161' title='bbox 193 2401 295 2459; x_wconf 89' lang='lat' dir='ltr'><strong>nescio</strong></span> <span class='ocrx_word' id='word_1_162' title='bbox 326 2401 375 2459; x_wconf 94' lang='lat' dir='ltr'><strong>cui</strong></span> <span class='ocrx_word' id='word_1_163' title='bbox 406 2398 503 2459; x_wconf 94' lang='lat' dir='ltr'><strong>induit</strong></span> <span class='ocrx_word' id='word_1_164' title='bbox 533 2406 563 2459; x_wconf 90' lang='lat' dir='ltr'><strong>et</strong></span> <span class='ocrx_word' id='word_1_165' title='bbox 592 2401 657 2477; x_wconf 85' lang='lat' dir='ltr'><strong>ipsa</strong></span> <span class='ocrx_word' id='word_1_166' title='bbox 688 2418 756 2459; x_wconf 89' lang='lat' dir='ltr'><strong>cum</strong></span> <span class='ocrx_word' id='word_1_167' title='bbox 786 2401 889 2478; x_wconf 88' lang='lat' dir='ltr'><strong>paucis</strong></span> <span class='ocrx_word' id='word_1_168' title='bbox 920 2406 983 2458; x_wconf 90' lang='lat' dir='ltr'><strong>rate</strong></span> <span class='ocrx_word' id='word_1_169' title='bbox 1011 2417 1100 2477; x_wconf 92' lang='lat' dir='ltr'><strong>parva</strong></span> <span class='ocrx_word' id='word_1_170' title='bbox 1131 2417 1163 2458; x_wconf 92' lang='lat' dir='ltr'><strong>se</strong></span> <span class='ocrx_word' id='word_1_171' title='bbox 1193 2401 1225 2458; x_wconf 95' lang='lat' dir='ltr'><strong>in</strong></span> <span class='ocrx_word' id='word_1_172' title='bbox 1255 2407 1373 2460; x_wconf 87' lang='lat' dir='ltr'><strong>noctem</strong></span> 
     </span>
     <span class='ocr_line' id='line_1_22' title="bbox 194 2491 1375 2580; baseline 0 -24"><span class='ocrx_word' id='word_1_173' title='bbox 194 2499 346 2556; x_wconf 87' lang='lat' dir='ltr'><strong>coniciens</strong></span> <span class='ocrx_word' id='word_1_174' title='bbox 375 2496 660 2575; x_wconf 91' lang='lat' dir='ltr'><strong>Constantinopolim</strong></span> <span class='ocrx_word' id='word_1_175' title='bbox 688 2505 790 2557; x_wconf 90' lang='lat' dir='ltr'><strong>vectus</strong></span> <span class='ocrx_word' id='word_1_176' title='bbox 819 2491 902 2580; x_wconf 81' lang='lat' dir='ltr'><strong>est.⁵)</strong></span> <span class='ocrx_word' id='word_1_177' title='bbox 948 2496 1047 2556; x_wconf 91' lang='lat' dir='ltr'><strong>Altera</strong></span> <span class='ocrx_word' id='word_1_178' title='bbox 1070 2499 1214 2557; x_wconf 90' lang='lat' dir='ltr'><strong>memoria</strong></span> <span class='ocrx_word' id='word_1_179' title='bbox 1237 2497 1375 2575; x_wconf 90' lang='lat' dir='ltr'><strong>proditur</strong></span> 
     </span>
     <span class='ocr_line' id='line_1_23' title="bbox 193 2594 1374 2674; baseline 0.002 -20"><span class='ocrx_word' id='word_1_180' title='bbox 193 2594 263 2654; x_wconf 93' lang='lat' dir='ltr'><strong>boc:</strong></span> <span class='ocrx_word' id='word_1_181' title='bbox 296 2613 374 2655; x_wconf 94' lang='lat' dir='ltr'><strong>unus</strong></span> <span class='ocrx_word' id='word_1_182' title='bbox 407 2613 442 2654; x_wconf 85' lang='lat' dir='ltr'><strong>ex</strong></span> <span class='ocrx_word' id='word_1_183' title='bbox 476 2597 519 2654; x_wconf 92' lang='lat' dir='ltr'><strong>eis</strong></span> <span class='ocrx_word' id='word_1_184' title='bbox 550 2597 635 2672; x_wconf 77' lang='lat' dir='ltr'><strong>viriS,</strong></span> <span class='ocrx_word' id='word_1_185' title='bbox 669 2597 720 2674; x_wconf 92' lang='lat' dir='ltr'><strong>qui</strong></span> <span class='ocrx_word' id='word_1_186' title='bbox 744 2594 857 2673; x_wconf 86' lang='lat' dir='ltr'><strong>Tripoli</strong></span> <span class='ocrx_word' id='word_1_187' title='bbox 889 2613 979 2654; x_wconf 87' lang='lat' dir='ltr'><strong>naves</strong></span> <span class='ocrx_word' id='word_1_188' title='bbox 1007 2594 1137 2654; x_wconf 90' lang='lat' dir='ltr'><strong>Arabum</strong></span> <span class='ocrx_word' id='word_1_189' title='bbox 1170 2595 1374 2673; x_wconf 89' lang='lat' dir='ltr'><strong>incenderant,</strong></span> 
     </span>
     <span class='ocr_line' id='line_1_24' title="bbox 193 2692 1373 2772; baseline 0.001 -20"><span class='ocrx_word' id='word_1_190' title='bbox 193 2712 262 2752; x_wconf 83' lang='lat' dir='ltr'><strong>curn</strong></span> <span class='ocrx_word' id='word_1_191' title='bbox 295 2692 462 2771; x_wconf 91' lang='lat' dir='ltr'><strong>periculum</strong></span> <span class='ocrx_word' id='word_1_192' title='bbox 496 2695 669 2772; x_wconf 90' lang='lat' dir='ltr'><strong>imperatori</strong></span> <span class='ocrx_word' id='word_1_193' title='bbox 701 2695 862 2753; x_wconf 88' lang='lat' dir='ltr'><strong>imminens</strong></span> <span class='ocrx_word' id='word_1_194' title='bbox 895 2692 1030 2771; x_wconf 91' lang='lat' dir='ltr'><strong>vidisset,</strong></span> <span class='ocrx_word' id='word_1_195' title='bbox 1063 2695 1094 2752; x_wconf 92' lang='lat' dir='ltr'><strong>in</strong></span> <span class='ocrx_word' id='word_1_196' title='bbox 1125 2711 1229 2752; x_wconf 90' lang='lat' dir='ltr'><strong>navem</strong></span> <span class='ocrx_word' id='word_1_197' title='bbox 1260 2695 1373 2772; x_wconf 86' lang='lat' dir='ltr'><strong>regiam</strong></span> 
     </span>
     <span class='ocr_line' id='line_1_25' title="bbox 194 2783 1373 2872; baseline 0 -22"><span class='ocrx_word' id='word_1_198' title='bbox 194 2790 274 2850; x_wconf 91' lang='lat' dir='ltr'><strong>saliit</strong></span> <span class='ocrx_word' id='word_1_199' title='bbox 297 2798 327 2850; x_wconf 89' lang='lat' dir='ltr'><strong>et</strong></span> <span class='ocrx_word' id='word_1_200' title='bbox 350 2793 569 2869; x_wconf 89' lang='lat' dir='ltr'><strong>imperatorem,</strong></span> <span class='ocrx_word' id='word_1_201' title='bbox 593 2792 702 2869; x_wconf 90' lang='lat' dir='ltr'><strong>quippe</strong></span> <span class='ocrx_word' id='word_1_202' title='bbox 723 2793 774 2869; x_wconf 93' lang='lat' dir='ltr'><strong>qui</strong></span> <span class='ocrx_word' id='word_1_203' title='bbox 793 2790 911 2869; x_wconf 92' lang='lat' dir='ltr'><strong>Waqidi</strong></span> <span class='ocrx_word' id='word_1_204' title='bbox 931 2798 1051 2850; x_wconf 86' lang='lat' dir='ltr'><strong>auctore</strong></span> <span class='ocrx_word' id='word_1_205' title='bbox 1072 2783 1122 2872; x_wconf 87' lang='lat' dir='ltr'><strong>(cl.</strong></span> <span class='ocrx_word' id='word_1_206' title='bbox 1142 2789 1373 2850; x_wconf 87' lang='lat' dir='ltr'><strong>Wellhansen</strong></span> 
     </span>
     <span class='ocr_line' id='line_1_26' title="bbox 194 2882 1373 2972; baseline 0 -24"><span class='ocrx_word' id='word_1_207' title='bbox 194 2908 222 2967; x_wconf 92' lang='lat' dir='ltr'><strong>p.</strong></span> <span class='ocrx_word' id='word_1_208' title='bbox 241 2882 324 2972; x_wconf 88' lang='grc'>419)</span> <span class='ocrx_word' id='word_1_209' title='bbox 344 2889 474 2966; x_wconf 89' lang='lat' dir='ltr'><strong>graviter</strong></span> <span class='ocrx_word' id='word_1_210' title='bbox 487 2888 659 2948; x_wconf 89' lang='lat' dir='ltr'><strong>vulneratus</strong></span> <span class='ocrx_word' id='word_1_211' title='bbox 678 2897 766 2967; x_wconf 90' lang='lat' dir='ltr'><strong>esset,</strong></span> <span class='ocrx_word' id='word_1_212' title='bbox 786 2896 937 2966; x_wconf 88' lang='lat' dir='ltr'><strong>arreptum</strong></span> <span class='ocrx_word' id='word_1_213' title='bbox 957 2891 989 2948; x_wconf 89' lang='lat' dir='ltr'><strong>iu</strong></span> <span class='ocrx_word' id='word_1_214' title='bbox 1008 2888 1095 2948; x_wconf 91' lang='lat' dir='ltr'><strong>aliam</strong></span> <span class='ocrx_word' id='word_1_215' title='bbox 1112 2896 1206 2948; x_wconf 87' lang='lat' dir='ltr'><strong>ratem</strong></span> <span class='ocrx_word' id='word_1_216' title='bbox 1221 2895 1373 2968; x_wconf 89' lang='lat' dir='ltr'><strong>transpor-</strong></span> 
     </span>
     <span class='ocr_line' id='line_1_27' title="bbox 193 2985 1374 3047; baseline -0.001 0"><span class='ocrx_word' id='word_1_217' title='bbox 193 2995 260 3047; x_wconf 92' lang='lat' dir='ltr'><strong>tans</strong></span> <span class='ocrx_word' id='word_1_218' title='bbox 285 2988 420 3046; x_wconf 88' lang='lat' dir='ltr'><strong>servavit.</strong></span> <span class='ocrx_word' id='word_1_219' title='bbox 467 2985 531 3045; x_wconf 89' lang='lat' dir='ltr'><strong>Una</strong></span> <span class='ocrx_word' id='word_1_220' title='bbox 553 3005 621 3046; x_wconf 90' lang='lat' dir='ltr'><strong>cum</strong></span> <span class='ocrx_word' id='word_1_221' title='bbox 641 2985 833 3046; x_wconf 90' lang='lat' dir='ltr'><strong>Constantino</strong></span> <span class='ocrx_word' id='word_1_222' title='bbox 853 2985 1037 3046; x_wconf 86' lang='lat' dir='ltr'><strong>Theodosius</strong></span> <span class='ocrx_word' id='word_1_223' title='bbox 1057 2987 1149 3046; x_wconf 89' lang='lat' dir='ltr'><strong>l&#39;rater</strong></span> <span class='ocrx_word' id='word_1_224' title='bbox 1167 2985 1374 3046; x_wconf 89' lang='lat' dir='ltr'><strong>Constantino·</strong></span> 
     </span>
     <span class='ocr_line' id='line_1_28' title="bbox 193 3084 1374 3164; baseline 0 -20"><span class='ocrx_word' id='word_1_225' title='bbox 193 3084 285 3164; x_wconf 92' lang='lat' dir='ltr'><strong>polim</strong></span> <span class='ocrx_word' id='word_1_226' title='bbox 316 3085 428 3162; x_wconf 82' lang='lat' dir='ltr'><strong>elingit.</strong></span> <span class='ocrx_word' id='word_1_227' title='bbox 480 3084 566 3144; x_wconf 92' lang='lat' dir='ltr'><strong>lllum</strong></span> <span class='ocrx_word' id='word_1_228' title='bbox 598 3091 709 3162; x_wconf 89' lang='lat' dir='ltr'><strong>autem,</strong></span> <span class='ocrx_word' id='word_1_229' title='bbox 741 3087 793 3162; x_wconf 90' lang='lat' dir='ltr'><strong>qni</strong></span> <span class='ocrx_word' id='word_1_230' title='bbox 823 3085 1033 3162; x_wconf 90' lang='lat' dir='ltr'><strong>imperatorem</strong></span> <span class='ocrx_word' id='word_1_231' title='bbox 1065 3103 1100 3143; x_wconf 89' lang='lat' dir='ltr'><strong>ex</strong></span> <span class='ocrx_word' id='word_1_232' title='bbox 1131 3086 1208 3144; x_wconf 86' lang='lat' dir='ltr'><strong>vitae</strong></span> <span class='ocrx_word' id='word_1_233' title='bbox 1238 3084 1374 3163; x_wconf 87' lang='lat' dir='ltr'><strong>periculo</strong></span> 
     </span>
     <span class='ocr_line' id='line_1_29' title="bbox 194 3180 1373 3261; baseline 0.001 -19"><span class='ocrx_word' id='word_1_234' title='bbox 194 3185 368 3261; x_wconf 87' lang='lat' dir='ltr'><strong>eripuisset,</strong></span> <span class='ocrx_word' id='word_1_235' title='bbox 396 3182 498 3242; x_wconf 91' lang='lat' dir='ltr'><strong>multis</strong></span> <span class='ocrx_word' id='word_1_236' title='bbox 526 3180 661 3242; x_wconf 90' lang='lat' dir='ltr'><strong>hostibus</strong></span> <span class='ocrx_word' id='word_1_237' title='bbox 690 3184 797 3241; x_wconf 89' lang='lat' dir='ltr'><strong>occisis</strong></span> <span class='ocrx_word' id='word_1_238' title='bbox 827 3181 944 3242; x_wconf 80' lang='lat' dir='ltr'><strong>sortiter</strong></span> <span class='ocrx_word' id='word_1_239' title='bbox 968 3181 1157 3242; x_wconf 91' lang='lat' dir='ltr'><strong>dimicantem</strong></span> <span class='ocrx_word' id='word_1_240' title='bbox 1182 3183 1373 3243; x_wconf 85' lang='lat' dir='ltr'><strong>interiectum</strong></span> 
     </span>
     <span class='ocr_line' id='line_1_30' title="bbox 194 3278 1373 3359; baseline 0 -18"><span class='ocrx_word' id='word_1_241' title='bbox 194 3299 260 3341; x_wconf 89' lang='lat' dir='ltr'><strong>esse</strong></span> <span class='ocrx_word' id='word_1_242' title='bbox 284 3281 381 3340; x_wconf 81' lang='lat' dir='ltr'><strong>tontes</strong></span> <span class='ocrx_word' id='word_1_243' title='bbox 408 3282 606 3340; x_wconf 89' lang='lat' dir='ltr'><strong>consentiunt.</strong></span> <span class='ocrx_word' id='word_1_244' title='bbox 653 3278 840 3358; x_wconf 88' lang='lat' dir='ltr'><strong>Quantopere</strong></span> <span class='ocrx_word' id='word_1_245' title='bbox 870 3281 961 3339; x_wconf 93' lang='lat' dir='ltr'><strong>animi</strong></span> <span class='ocrx_word' id='word_1_246' title='bbox 989 3279 1156 3358; x_wconf 92' lang='lat' dir='ltr'><strong>aequalium</strong></span> <span class='ocrx_word' id='word_1_247' title='bbox 1184 3280 1239 3340; x_wconf 85' lang='lat' dir='ltr'><strong>hac</strong></span> <span class='ocrx_word' id='word_1_248' title='bbox 1262 3283 1373 3359; x_wconf 88' lang='lat' dir='ltr'><strong>gravis·</strong></span> 
     </span>
     <span class='ocr_line' id='line_1_31' title="bbox 194 3376 1373 3456; baseline -0.001 -17"><span class='ocrx_word' id='word_1_249' title='bbox 194 3381 269 3440; x_wconf 90' lang='lat' dir='ltr'><strong>sima</strong></span> <span class='ocrx_word' id='word_1_250' title='bbox 294 3377 376 3438; x_wconf 90' lang='lat' dir='ltr'><strong>clade</strong></span> <span class='ocrx_word' id='word_1_251' title='bbox 400 3377 581 3438; x_wconf 88' lang='lat' dir='ltr'><strong>Graecorum</strong></span> <span class='ocrx_word' id='word_1_252' title='bbox 605 3380 744 3437; x_wconf 91' lang='lat' dir='ltr'><strong>commoti</strong></span> <span class='ocrx_word' id='word_1_253' title='bbox 768 3380 836 3456; x_wconf 89' lang='lat' dir='ltr'><strong>sint,</strong></span> <span class='ocrx_word' id='word_1_254' title='bbox 861 3396 897 3437; x_wconf 84' lang='lat' dir='ltr'><strong>er</strong></span> <span class='ocrx_word' id='word_1_255' title='bbox 920 3376 1019 3437; x_wconf 89' lang='lat' dir='ltr'><strong>verbis</strong></span> <span class='ocrx_word' id='word_1_256' title='bbox 1045 3376 1126 3437; x_wconf 93' lang='lat' dir='ltr'><strong>illius</strong></span> <span class='ocrx_word' id='word_1_257' title='bbox 1150 3381 1280 3438; x_wconf 89' lang='lat' dir='ltr'><strong>auctoris</strong></span> <span class='ocrx_word' id='word_1_258' title='bbox 1303 3398 1373 3438; x_wconf 93' lang='lat' dir='ltr'><strong>con-</strong></span> 
     </span>
     <span class='ocr_line' id='line_1_32' title="bbox 193 3471 1375 3556; baseline -0.001 -19"><span class='ocrx_word' id='word_1_259' title='bbox 193 3478 386 3556; x_wconf 88' lang='lat' dir='ltr'><strong>temporanei,</strong></span> <span class='ocrx_word' id='word_1_260' title='bbox 411 3495 485 3556; x_wconf 89' lang='lat' dir='ltr'><strong>quae</strong></span> <span class='ocrx_word' id='word_1_261' title='bbox 510 3496 525 3536; x_wconf 95' lang='lat' dir='ltr'><strong>a</strong></span> <span class='ocrx_word' id='word_1_262' title='bbox 545 3475 724 3554; x_wconf 83' lang='lat' dir='ltr'><strong>Theophane</strong></span> <span class='ocrx_word' id='word_1_263' title='bbox 747 3496 775 3555; x_wconf 92' lang='lat' dir='ltr'><strong>p.</strong></span> <span class='ocrx_word' id='word_1_264' title='bbox 795 3471 1000 3554; x_wconf 77' lang='lat' dir='ltr'><strong>332,15sqq.</strong></span> <span class='ocrx_word' id='word_1_265' title='bbox 1025 3477 1186 3535; x_wconf 89' lang='lat' dir='ltr'><strong>memoriae</strong></span> <span class='ocrx_word' id='word_1_266' title='bbox 1206 3475 1375 3554; x_wconf 92' lang='lat' dir='ltr'><strong>produntur</strong></span> 
     </span>
    </p>
   </div>
   <div class='ocr_carea' id='block_1_4' title="bbox 193 3726 1374 4521">
    <p class='ocr_par' dir='ltr' id='par_1_4' title="bbox 193 3726 1374 3958">
     <span class='ocr_line' id='line_1_33' title="bbox 285 3726 1374 3798; baseline -0.001 -17"><span class='ocrx_word' id='word_1_267' title='bbox 285 3732 311 3798; x_wconf 86' lang='lat'><strong>1)</strong></span> <span class='ocrx_word' id='word_1_268' title='bbox 330 3727 446 3782; x_wconf 83' lang='lat' dir='ltr'><strong>Arabici</strong></span> <span class='ocrx_word' id='word_1_269' title='bbox 474 3731 602 3782; x_wconf 76' lang='lat' dir='ltr'><strong>auctores</strong></span> <span class='ocrx_word' id='word_1_270' title='bbox 626 3727 719 3782; x_wconf 87' lang='lat' dir='ltr'><strong>locum</strong></span> <span class='ocrx_word' id='word_1_271' title='bbox 742 3727 843 3798; x_wconf 82' lang='lat' dir='ltr'><strong>proelii</strong></span> <span class='ocrx_word' id='word_1_272' title='bbox 867 3727 975 3781; x_wconf 83' lang='lat' dir='ltr'><strong>navalis</strong></span> <span class='ocrx_word' id='word_1_273' title='bbox 1000 3727 1099 3781; x_wconf 79' lang='lat' dir='ltr'><strong>dicunt</strong></span> <span class='ocrx_word' id='word_1_274' title='bbox 1121 3727 1199 3780; x_wconf 73' lang='lat' dir='ltr'><strong>Duae</strong></span> <span class='ocrx_word' id='word_1_275' title='bbox 1222 3727 1249 3780; x_wconf 89' lang='lat' dir='ltr'><strong>al</strong></span> <span class='ocrx_word' id='word_1_276' title='bbox 1274 3726 1374 3798; x_wconf 65' lang='lat' dir='ltr'><strong>Caveri</strong></span> 
     </span>
     <span class='ocr_line' id='line_1_34' title="bbox 194 3807 1374 3880; baseline -0.002 -18"><span class='ocrx_word' id='word_1_277' title='bbox 194 3809 212 3864; x_wconf 92' lang='lat' dir='ltr'><strong>i.</strong></span> <span class='ocrx_word' id='word_1_278' title='bbox 229 3827 251 3862; x_wconf 88' lang='lat' dir='ltr'><strong>o.</strong></span> <span class='ocrx_word' id='word_1_279' title='bbox 273 3809 385 3880; x_wconf 85' lang='lat' dir='ltr'><strong>„locum</strong></span> <span class='ocrx_word' id='word_1_280' title='bbox 404 3808 567 3863; x_wconf 80' lang='lat' dir='ltr'><strong>malorum⁸·.</strong></span> <span class='ocrx_word' id='word_1_281' title='bbox 605 3807 829 3862; x_wconf 84' lang='lat' dir='ltr'><strong>Wellhauaen</strong></span> <span class='ocrx_word' id='word_1_282' title='bbox 843 3807 861 3861; x_wconf 89' lang='lat'><strong>1.</strong></span> <span class='ocrx_word' id='word_1_283' title='bbox 877 3825 900 3864; x_wconf 91' lang='lat' dir='ltr'><strong>c.</strong></span> <span class='ocrx_word' id='word_1_284' title='bbox 915 3826 942 3877; x_wconf 88' lang='lat' dir='ltr'><strong>p.</strong></span> <span class='ocrx_word' id='word_1_285' title='bbox 958 3813 1010 3860; x_wconf 84' lang='grc'><strong>419</strong></span> <span class='ocrx_word' id='word_1_286' title='bbox 1024 3809 1109 3876; x_wconf 79' lang='lat' dir='ltr'><strong>putat</strong></span> <span class='ocrx_word' id='word_1_287' title='bbox 1126 3807 1181 3860; x_wconf 86' lang='lat' dir='ltr'><strong>hac</strong></span> <span class='ocrx_word' id='word_1_288' title='bbox 1199 3824 1265 3862; x_wconf 86' lang='lat' dir='ltr'><strong>voce</strong></span> <span class='ocrx_word' id='word_1_289' title='bbox 1284 3807 1374 3860; x_wconf 85' lang='lat' dir='ltr'><strong>Phoc-</strong></span> 
     </span>
     <span class='ocr_line' id='line_1_35' title="bbox 193 3888 599 3958; baseline -0.002 -15"><span class='ocrx_word' id='word_1_290' title='bbox 193 3888 286 3944; x_wconf 87' lang='lat' dir='ltr'><strong>nicem</strong></span> <span class='ocrx_word' id='word_1_291' title='bbox 304 3889 420 3956; x_wconf 84' lang='lat' dir='ltr'><strong>Lyciam</strong></span> <span class='ocrx_word' id='word_1_292' title='bbox 439 3889 599 3958; x_wconf 86' lang='lat' dir='ltr'><strong>significari.</strong></span> 
     </span>
    </p>

    <p class='ocr_par' dir='ltr' id='par_1_5' title="bbox 284 3968 757 4038">
     <span class='ocr_line' id='line_1_36' title="bbox 284 3968 757 4038; baseline 0 -16"><span class='ocrx_word' id='word_1_293' title='bbox 284 3971 310 4038; x_wconf 78' lang='lat'><strong>2)</strong></span> <span class='ocrx_word' id='word_1_294' title='bbox 330 3968 386 4022; x_wconf 89' lang='lat' dir='ltr'><strong>Bar</strong></span> <span class='ocrx_word' id='word_1_295' title='bbox 404 3969 550 4022; x_wconf 85' lang='lat' dir='ltr'><strong>Hebraeus</strong></span> <span class='ocrx_word' id='word_1_296' title='bbox 568 3969 587 4023; x_wconf 92' lang='lat' dir='ltr'><strong>l.</strong></span> <span class='ocrx_word' id='word_1_297' title='bbox 607 3986 629 4023; x_wconf 89' lang='lat' dir='ltr'><strong>c.</strong></span> <span class='ocrx_word' id='word_1_298' title='bbox 649 3987 676 4038; x_wconf 88' lang='lat' dir='ltr'><strong>p.</strong></span> <span class='ocrx_word' id='word_1_299' title='bbox 698 3975 757 4022; x_wconf 92' lang='lat'><strong>111.</strong></span> 
     </span>
    </p>

    <p class='ocr_par' dir='ltr' id='par_1_6' title="bbox 194 4047 1373 4201">
     <span class='ocr_line' id='line_1_37' title="bbox 284 4047 1373 4120; baseline 0.002 -19"><span class='ocrx_word' id='word_1_300' title='bbox 284 4051 310 4119; x_wconf 83' lang='grc'><strong>3)</strong></span> <span class='ocrx_word' id='word_1_301' title='bbox 330 4049 456 4118; x_wconf 80' lang='lat' dir='ltr'><strong>Theoph.</strong></span> <span class='ocrx_word' id='word_1_302' title='bbox 476 4068 503 4119; x_wconf 91' lang='lat' dir='ltr'><strong>p.</strong></span> <span class='ocrx_word' id='word_1_303' title='bbox 519 4055 581 4116; x_wconf 79' lang='lat'><strong>346,</strong></span> <span class='ocrx_word' id='word_1_304' title='bbox 597 4056 675 4117; x_wconf 80' lang='lat' dir='ltr'><strong>laq.:</strong></span> <span class='ocrx_word' id='word_1_305' title='bbox 696 4047 841 4118; x_wconf 73' lang='grc' dir='ltr'><strong><em>μέλλοντος</em></strong></span> <span class='ocrx_word' id='word_1_306' title='bbox 856 4047 887 4103; x_wconf 77' lang='grc' dir='ltr'><strong>δὲ</strong></span> <span class='ocrx_word' id='word_1_307' title='bbox 906 4058 955 4104; x_wconf 83' lang='grc' dir='ltr'><strong>τοῦ</strong></span> <span class='ocrx_word' id='word_1_308' title='bbox 970 4049 1103 4120; x_wconf 77' lang='grc' dir='ltr'><strong><em>βασιλέως</em></strong></span> <span class='ocrx_word' id='word_1_309' title='bbox 1117 4057 1279 4120; x_wconf 79' lang='grc' dir='ltr'><strong><em>ναυμαχεῖν,</em></strong></span> <span class='ocrx_word' id='word_1_310' title='bbox 1298 4053 1373 4103; x_wconf 73' lang='grc' dir='ltr'><strong><em>θεω-</em></strong></span> 
     </span>
     <span class='ocr_line' id='line_1_38' title="bbox 194 4125 1276 4201; baseline -0.002 -17"><span class='ocrx_word' id='word_1_311' title='bbox 194 4138 239 4197; x_wconf 74' lang='grc' dir='ltr'><strong>ρεῖ</strong></span> <span class='ocrx_word' id='word_1_312' title='bbox 255 4125 319 4184; x_wconf 79' lang='grc' dir='ltr'><strong><em>κατ’</em></strong></span> <span class='ocrx_word' id='word_1_313' title='bbox 342 4128 411 4196; x_wconf 80' lang='grc' dir='ltr'><strong><em>ὄναρ</em></strong></span> <span class='ocrx_word' id='word_1_314' title='bbox 430 4137 463 4200; x_wconf 77' lang='grc' dir='ltr'><strong>τῇ</strong></span> <span class='ocrx_word' id='word_1_315' title='bbox 483 4131 564 4184; x_wconf 78' lang='grc' dir='ltr'><strong><em>νυκτὶ</em></strong></span> <span class='ocrx_word' id='word_1_316' title='bbox 583 4127 676 4201; x_wconf 78' lang='grc' dir='ltr'><strong><em>ἐκείνῃ</em></strong></span> <span class='ocrx_word' id='word_1_317' title='bbox 696 4132 751 4184; x_wconf 75' lang='grc' dir='ltr'><strong>κτλ.</strong></span> <span class='ocrx_word' id='word_1_318' title='bbox 789 4127 926 4199; x_wconf 81' lang='lat' dir='ltr'><strong>Georgius</strong></span> <span class='ocrx_word' id='word_1_319' title='bbox 945 4128 1101 4183; x_wconf 82' lang='lat' dir='ltr'><strong>Monachus</strong></span> <span class='ocrx_word' id='word_1_320' title='bbox 1119 4147 1146 4198; x_wconf 92' lang='lat' dir='ltr'><strong>p.</strong></span> <span class='ocrx_word' id='word_1_321' title='bbox 1164 4135 1223 4196; x_wconf 77' lang='lat' dir='ltr'><strong>ate,</strong></span> <span class='ocrx_word' id='word_1_322' title='bbox 1235 4134 1276 4183; x_wconf 79' lang='lat'><strong>13.</strong></span> 
     </span>
    </p>

    <p class='ocr_par' dir='ltr' id='par_1_7' title="bbox 194 4208 1373 4360">
     <span class='ocr_line' id='line_1_39' title="bbox 284 4208 1373 4280; baseline 0 -16"><span class='ocrx_word' id='word_1_323' title='bbox 284 4211 311 4280; x_wconf 82' lang='lat' dir='ltr'><strong>t)</strong></span> <span class='ocrx_word' id='word_1_324' title='bbox 332 4209 372 4264; x_wconf 84' lang='lat' dir='ltr'><strong>cf.</strong></span> <span class='ocrx_word' id='word_1_325' title='bbox 392 4209 479 4264; x_wconf 84' lang='lat' dir='ltr'><strong>Weil</strong></span> <span class='ocrx_word' id='word_1_326' title='bbox 499 4210 518 4264; x_wconf 94' lang='lat' dir='ltr'><strong>l.</strong></span> <span class='ocrx_word' id='word_1_327' title='bbox 538 4227 561 4263; x_wconf 89' lang='lat' dir='ltr'><strong>c.</strong></span> <span class='ocrx_word' id='word_1_328' title='bbox 580 4228 608 4279; x_wconf 90' lang='lat' dir='ltr'><strong>p.</strong></span> <span class='ocrx_word' id='word_1_329' title='bbox 626 4215 676 4264; x_wconf 80' lang='lat'><strong>162</strong></span> <span class='ocrx_word' id='word_1_330' title='bbox 693 4210 756 4264; x_wconf 88' lang='lat' dir='ltr'><strong>adn.</strong></span> <span class='ocrx_word' id='word_1_331' title='bbox 777 4215 807 4277; x_wconf 78' lang='lat'><strong>2,</strong></span> <span class='ocrx_word' id='word_1_332' title='bbox 835 4210 885 4278; x_wconf 88' lang='lat' dir='ltr'><strong>qui</strong></span> <span class='ocrx_word' id='word_1_333' title='bbox 908 4208 1047 4277; x_wconf 88' lang='lat' dir='ltr'><strong>proelium</strong></span> <span class='ocrx_word' id='word_1_334' title='bbox 1071 4209 1148 4278; x_wconf 86' lang='lat' dir='ltr'><strong>apud</strong></span> <span class='ocrx_word' id='word_1_335' title='bbox 1170 4209 1373 4264; x_wconf 80' lang='lat' dir='ltr'><strong>Alexandriam</strong></span> 
     </span>
     <span class='ocr_line' id='line_1_40' title="bbox 194 4290 745 4360; baseline 0.002 -16"><span class='ocrx_word' id='word_1_336' title='bbox 194 4305 256 4344; x_wconf 80' lang='lat' dir='ltr'><strong>esse</strong></span> <span class='ocrx_word' id='word_1_337' title='bbox 275 4290 457 4346; x_wconf 88' lang='lat' dir='ltr'><strong>commissum</strong></span> <span class='ocrx_word' id='word_1_338' title='bbox 474 4307 624 4360; x_wconf 80' lang='lat' dir='ltr'><strong>perperam</strong></span> <span class='ocrx_word' id='word_1_339' title='bbox 641 4291 745 4359; x_wconf 81' lang='lat' dir='ltr'><strong>prodit.</strong></span> 
     </span>
    </p>

    <p class='ocr_par' dir='ltr' id='par_1_8' title="bbox 193 4369 1373 4521">
     <span class='ocr_line' id='line_1_41' title="bbox 284 4369 1373 4442; baseline -0.001 -17"><span class='ocrx_word' id='word_1_340' title='bbox 284 4373 311 4442; x_wconf 79' lang='lat' dir='ltr'><strong>b)</strong></span> <span class='ocrx_word' id='word_1_341' title='bbox 331 4369 464 4425; x_wconf 81' lang='lat' dir='ltr'><strong>Conferas</strong></span> <span class='ocrx_word' id='word_1_342' title='bbox 487 4387 607 4438; x_wconf 81' lang='lat' dir='ltr'><strong>quaeso,</strong></span> <span class='ocrx_word' id='word_1_343' title='bbox 636 4387 709 4439; x_wconf 82' lang='lat' dir='ltr'><strong>quae</strong></span> <span class='ocrx_word' id='word_1_344' title='bbox 737 4373 822 4424; x_wconf 84' lang='lat' dir='ltr'><strong>antea</strong></span> <span class='ocrx_word' id='word_1_345' title='bbox 845 4370 880 4424; x_wconf 90' lang='lat' dir='ltr'><strong>de</strong></span> <span class='ocrx_word' id='word_1_346' title='bbox 904 4371 994 4426; x_wconf 84' lang='lat' dir='ltr'><strong>verbis</strong></span> <span class='ocrx_word' id='word_1_347' title='bbox 1019 4370 1133 4441; x_wconf 86' lang='lat' dir='ltr'><strong>Georgii</strong></span> <span class='ocrx_word' id='word_1_348' title='bbox 1157 4369 1289 4425; x_wconf 87' lang='lat' dir='ltr'><strong>Monachi</strong></span> <span class='ocrx_word' id='word_1_349' title='bbox 1316 4370 1373 4424; x_wconf 86' lang='lat' dir='ltr'><strong>huc</strong></span> 
     </span>
     <span class='ocr_line' id='line_1_42' title="bbox 193 4451 474 4521; baseline 0.004 -17"><span class='ocrx_word' id='word_1_350' title='bbox 193 4451 388 4521; x_wconf 80' lang='lat' dir='ltr'><strong>spectantibus</strong></span> <span class='ocrx_word' id='word_1_351' title='bbox 407 4451 474 4506; x_wconf 87' lang='lat' dir='ltr'><strong>dixi.</strong></span> 
     </span>
    </p>
   </div>
   <div class='ocr_carea' id='block_1_5' title="bbox 0 0 1656 5098">
    <p class='ocr_par' dir='ltr' id='par_1_9' title="bbox 0 0 1656 5098">
     <span class='ocr_line' id='line_1_43' title="bbox 0 0 1656 5098; baseline 0 0"><span class='ocrx_word' id='word_1_352' title='bbox 0 0 1656 5098; x_wconf 95' lang='lat' dir='ltr'><strong> </strong></span> 
     </span>
    </p>
   </div>
  </div>
 </body>
</html>
