3304 5098
679 321 899 384 ..53-

198 501 385 580 patriarchae
415 503 590 562 auctoritate
614 502 749 574 instituta
772 503 840 562 sint.
891 501 994 582 ltaque
1022 505 1048 564 si
1077 505 1153 564 intra
1182 503 1218 565 de
1242 505 1377 584 epistula,

199 617 288 678 quam
312 597 523 660 Constantinus
550 598 586 659 ad
609 617 715 678 papam
738 597 903 660 Romanum
928 599 1020 680 dedit,
1050 601 1261 681 audiverimus,
1291 603 1378 664 nohis

198 697 445 777 persuadebimus
479 716 543 758 eam
577 715 593 757 a
620 697 711 757 Paulo
744 699 937 777 compositam
969 699 1057 760 huius
1089 701 1293 762 tantummodo
1320 703 1378 762 viri

199 797 362 856 sententias
385 795 508 856 referre.

289 893 389 953 Primo
417 892 526 953 Paulus
559 911 675 971 operam
710 892 827 953 dedisse
855 893 986 972 videtur,
1018 902 1052 954 ut
1078 915 1184 975 papam
1212 896 1378 958 Romanum

199 989 257 1051 sihi
284 989 510 1051 benevolentem
538 989 689 1070 redderet,
718 1009 786 1052 cum
815 1009 846 1051 se
875 999 962 1071 atque
987 991 1212 1054 Constantinum
1240 997 1378 1056 iuvenem

199 1097 311 1150 rectam
349 1087 439 1148 fidem
476 1087 586 1148 hahere
624 1087 786 1149 simularet
842 1089 1012 1150 Patriareha
1050 1093 1130 1151 enim
1167 1093 1378 1171 imperatorem

199 1185 344 1266 epistulae
379 1185 497 1246 loannis
525 1185 563 1245 lV
595 1185 632 1246 ad
665 1184 892 1248 Constantinum
925 1195 1040 1267 patrem
1074 1188 1171 1268 datae,
1205 1209 1261 1270 qua
1294 1209 1378 1270 papa,

198 1291 355 1364 postquam
393 1283 486 1345 multa
524 1283 560 1344 de
598 1291 678 1344 recta
711 1284 769 1344 tide
803 1283 945 1346 disseruit
977 1295 1006 1346 et
1038 1286 1215 1368 Honorium,
1247 1291 1377 1368 priorem

198 1401 317 1461 papam,
347 1383 516 1460 suspicione
539 1382 699 1442 haereseos
722 1400 850 1461 purgare
875 1383 1000 1463 studuit,
1027 1385 1199 1466 postulavit,
1223 1395 1256 1447 ut
1280 1405 1378 1448 exem·

197 1479 292 1560 plaria
325 1480 479 1540 ectheseos
512 1481 543 1539 in
575 1478 703 1558 puhlicis
736 1479 809 1540 locis
843 1499 987 1560 suspensa
1021 1481 1225 1563 demerentur,
1263 1503 1379 1547 summa

199 1579 336 1639 comitate
369 1577 600 1656 respondentem
633 1577 703 1638 lecit
735 1585 765 1638 et
796 1579 993 1640 affirmantem
1026 1599 1058 1642 se
1086 1582 1220 1642 ecthesin
1248 1582 1379 1644 rescindi

198 1677 331 1736 iussisse.
339 1669 365 1760 1)
403 1675 440 1736 Et
463 1683 497 1736 ut
518 1693 595 1754 papa
619 1676 683 1735 eius
707 1678 888 1737 creationem
912 1677 1114 1757 confirmaret,
1138 1679 1302 1759 Theodoro,
1326 1681 1378 1760 qui

197 1773 338 1834 Ioannem
379 1769 418 1833 11
452 1772 515 1834 Oct
547 1769 612 1834 642
649 1780 800 1834 mortuum
838 1776 967 1854 excepit,
1005 1778 1150 1855 scriptum
1186 1779 1280 1856 misit,
1318 1795 1376 1856 quo

198 1871 347 1932 simulavit
379 1891 411 1932 se
435 1869 558 1932 credere
583 1881 613 1932 et
637 1869 743 1949 docere
767 1873 845 1933 sicut
862 1891 938 1952 papa
955 1875 1020 1954 ipse
1044 1873 1181 1935 crederet
1200 1883 1229 1936 et
1249 1875 1377 1955 doceret,

199 1977 228 2030 et
251 1988 294 2049 ea,
318 1989 393 2049 quae
412 1969 524 2048 Pyrrus
548 1977 720 2030 antecessor
740 1969 870 2050 lecisset,
893 1971 1078 2050 reprobanda
1097 1966 1205 2056 essel)
1246 1972 1289 2034 Re
1307 1991 1378 2034 vera
1478 2053 1480 2057 Ι

198 2075 298 2128 autem
334 2067 409 2128 nihil
446 2075 593 2128 mutatum
631 2075 683 2127 est
738 2067 840 2146 ltaque
877 2087 952 2148 papa
990 2068 1085 2130 denuo
1119 2079 1299 2150 conquestus
1332 2079 1378 2132 est

198 2165 345 2244 ecthesin,
374 2167 508 2243 quamvis
536 2167 699 2244 imperator
726 2167 875 2245 iussisset,
904 2167 1000 2228 adhuc
1027 2187 1042 2228 a
1070 2167 1143 2228 locis
1166 2168 1294 2248 publicis
1317 2188 1378 2230 non

200 2281 266 2323 esse
294 2271 448 2324 remotam.
494 2262 607 2324 Deinde
636 2262 740 2324 eadem
764 2263 889 2342 epistula
913 2264 1037 2326 Paulum
1061 2265 1233 2327 adhortatus
1257 2274 1315 2346 est,
1344 2275 1379 2328 ut

198 2362 354 2440 episcopos
387 2367 594 2440 congregaret,
627 2363 678 2440 qui
706 2361 832 2440 Pyrrum
865 2364 925 2422 ritu
958 2366 1099 2423 canonico
1128 2366 1298 2443 episcopatu
1327 2364 1376 2426 de·

197 2467 356 2537 ponerent,
393 2477 431 2519 ue
465 2457 582 2538 quando
616 2458 717 2519 sedem
750 2459 977 2538 patriarchalem
1011 2479 1117 2522 rursus
1149 2461 1207 2522 sihi
1239 2481 1377 2540 arrogare

196 2549 340 2639 posset.³)
387 2554 576 2636 Quantopere
604 2576 679 2636 papa
708 2559 814 2618 enixus
843 2560 894 2638 sit,
926 2566 961 2618 ut
987 2559 1098 2638 Pyrrus
1126 2578 1142 2619 a
1171 2559 1377 2621 Constantino·

196 2652 336 2732 politanis
361 2655 509 2733 episcopis
533 2657 590 2714 rite
615 2654 827 2734 deponeretur,
855 2655 924 2717 inde
948 2665 1082 2735 apparet,
1106 2657 1193 2737 quod,
1216 2665 1250 2718 ut
1273 2657 1377 2718 cadem

197 2749 325 2830 epistula
361 2751 514 2830 professus
553 2760 610 2831 est,
649 2752 751 2814 Serico
789 2753 996 2814 archidiacono
1034 2763 1064 2814 et
1095 2755 1220 2816 Martino
1254 2755 1376 2816 diacono

197 2849 422 2928 responsalique
450 2852 614 2928 praecepit,
642 2858 676 2912 ut
704 2870 772 2912 cum
794 2851 884 2912 Paulo
914 2851 950 2912 de
972 2851 1058 2930 Pyrri
1086 2852 1171 2932 culpa
1201 2853 1377 2932 regulariter

198 2943 398 3025 exquirerent.
440 2948 535 3026 Atque
563 2950 681 3008 censuit
707 2949 832 3028 Pyrrum
861 2968 927 3010 esse
955 2949 1182 3030 exsecrandum,
1213 2957 1377 3028 „quoniam

198 3045 390 3124 Heraclium,
437 3051 490 3122 qui
536 3048 847 3108 anathematizaverit
891 3051 1095 3110 inviolabilem
1136 3052 1376 3112 orthodoaaorum

189 3151 320 3219 patrum
344 3147 450 3220 fidem,
479 3147 610 3205 diversis
637 3147 779 3206 laudidus
807 3138 965 3228 extulerit,
995 3155 1024 3207 et
1050 3149 1246 3223 sophisticam
1269 3153 1376 3210 iussio·

197 3257 265 3300 nem
284 3244 388 3317 ipsius,
407 3246 439 3302 in
459 3260 520 3317 qua
540 3246 630 3317 quasi
642 3245 808 3318 symbolum
820 3246 897 3316 fidei
911 3249 1114 3321 composuerit
1128 3238 1161 3327 (i.
1178 3264 1202 3306 e.
1218 3240 1377 3329 ecthesin),

196 3339 415 3400 subscribendo
436 3343 618 3416 firmaverit,
640 3341 827 3418 furtivisque
844 3345 1090 3420 surreptionibus
1109 3346 1254 3418 quosdam
1272 3361 1375 3406 sacer·

197 3437 282 3498 dotes
310 3439 395 3513 apud
420 3455 453 3497 se
474 3440 651 3512 sinpulatim
672 3441 871 3516 praedictam
895 3442 1036 3502 chartam
1058 3443 1209 3502 roborare
1233 3446 1376 3521 coeperit,

197 3541 227 3594 et
253 3538 286 3595 in
308 3537 446 3611 puhlicis
472 3539 547 3596 locis
574 3539 760 3614 suspendere
787 3541 830 3599 ad
856 3541 1091 3600 destructionem
1123 3539 1377 3601 Chalcedonensis

197 3635 323 3693 concilii
345 3635 461 3694 audaci
484 3638 728 3710 transpressione
744 3630 1045 3718 praesumpserant)

150 3798 153 3806 1
285 3729 406 3792 Duabus
430 3730 496 3792 aliis
516 3732 659 3812 epistulis
684 3750 808 3810 quarum
828 3732 920 3793 altera
939 3733 976 3794 ad
995 3736 1159 3814 episcopos,
1182 3737 1234 3814 qui
1252 3733 1376 3798 Paulum

198 3836 453 3908 consecraverant,
473 3829 539 3890 data
558 3839 611 3909 est,
631 3829 721 3890 altera
741 3828 777 3889 ad
796 3847 899 3890 omnes
918 3831 1077 3893 orientales
1096 3835 1250 3912 episcopos
1264 3834 1376 3912 scripta

197 3943 264 3986 esse
300 3920 466 4010 videturl),
503 3930 611 3988 iterum
644 3930 751 3988 iustam
783 3926 870 4006 Pyrri
903 3927 1118 4008 depositionem
1149 3948 1276 4010 poscens
1308 3929 1376 3991 illos

287 4107 312 4174 1)
332 4105 373 4162 Oi.
392 4106 490 4178 Pagi,
509 4106 614 4161 Critias
632 4107 662 4161 in
680 4107 833 4162 Baronium
852 4108 878 4162 11
895 4128 923 4179 p.
938 4115 990 4165 825
1009 4111 1057 4180 (ad
1077 4127 1141 4166 ann.
1162 4113 1275 4182 6411V).

287 4190 313 4256 2)
332 4186 393 4241 Hoc
419 4185 553 4256 scriptum
577 4186 659 4241 Pauli
684 4189 777 4256 ipsum
802 4189 919 4259 interiit,
946 4191 996 4244 sed
1021 4207 1054 4246 ex
1077 4192 1260 4261 responsione
1282 4208 1375 4262 papae

196 4266 342 4332 nonnulla,
356 4284 431 4336 quas
444 4267 474 4320 in
488 4267 538 4322 illo
553 4270 641 4336 erent,
660 4268 756 4338 colligi
769 4273 895 4338 possunt.
925 4269 965 4324 Of.
980 4270 1089 4326 Massi
1104 4271 1129 4324 X
1144 4290 1171 4341 p.
1184 4277 1235 4326 too
1246 4289 1305 4342 sqq.

286 4350 313 4416 3)
332 4347 442 4401 Mansi
460 4347 485 4402 X
503 4366 530 4417 p.
548 4353 606 4401 tot.
715 4351 741 4417 4)
761 4348 871 4402 Mansi
889 4349 915 4402 X
933 4367 961 4418 p.
977 4355 1036 4404 704.

287 4430 313 4495 ὅ)
333 4427 373 4482 ct.
394 4427 528 4496 Helela,
548 4427 854 4499 Conciliengeschichte
873 4429 912 4482 111
929 4447 956 4499 p.
973 4436 1032 4484 164.
