3304 5098
705 337 926 400 „43-

223 518 511 597 Constantinopolim
535 525 745 578 reverteretur.
792 518 876 578 Licet
901 521 990 578 etiam
1014 517 1050 578 ob
1075 518 1161 578 aliam
1186 537 1305 578 causam
1329 537 1403 596 opus

225 617 317 677 luerit
339 619 549 695 imperatorem
573 619 604 676 in
629 619 724 696 capite
748 619 869 695 imperii
887 615 999 676 adesse.
1041 616 1180 676 Fortasse
1199 615 1249 677 illo
1268 623 1403 694 tempore

224 717 399 793 coniuratio,
425 714 460 774 de
484 735 541 794 qua
566 723 652 775 antea
676 717 799 794 egimus,
825 714 940 774 detecta
964 722 1017 791 est,
1040 722 1075 774 ut
1098 713 1309 775 Constantinus
1328 713 1403 774 Con·

224 812 446 892 stantinopolim
471 812 569 873 redire
593 812 723 873 deberet
765 811 868 890 Magna
891 831 959 872 cum
979 811 1130 872 celeritate
1151 831 1186 872 ex
1204 812 1310 873 Dubiis
1328 812 1403 873 urbe

224 911 376 990 profectus
401 919 454 989 est,
478 919 633 990 postquam
657 911 843 971 Macrianum
866 909 1029 970 Armeniae·
1052 913 1221 989 provinciae
1248 917 1277 971 et
1301 911 1403 989 copiis,

224 1027 300 1088 quae
330 1008 374 1074 ibi
404 1018 501 1086 erant,
531 1002 714 1092 praefecit.¹)
770 1006 832 1068 Una
865 1027 932 1068 cnm
964 1010 1144 1087 imperatore
1175 1008 1337 1069 catholicus
1368 1027 1403 1068 ex

224 1107 329 1167 Dubiis
351 1107 426 1168 urbe
451 1109 579 1167 excessit
603 1114 633 1166 et
655 1108 687 1165 in
706 1105 779 1184 Taiq
803 1114 883 1166 terra
906 1105 1008 1166 sedem
1031 1106 1193 1185 collocavit,
1217 1105 1404 1166 eumedium

224 1207 434 1266 Armeniorum
457 1207 577 1265 timeret
601 1197 647 1287 (A.
659 1204 690 1264 D.
706 1198 796 1288 652).

315 1303 407 1364 blavia
435 1303 590 1363 Theodoro
622 1303 729 1363 auxilia
759 1305 874 1381 petenti
904 1311 1019 1382 septem
1048 1303 1130 1362 milia
1158 1302 1285 1362 militum
1314 1303 1404 1380 misit,

225 1405 277 1480 qui
301 1402 399 1462 hieme
423 1403 492 1462 anni
516 1396 613 1481 652s3
641 1403 672 1460 in
697 1401 867 1461 Armeniam
896 1400 1080 1461 advenerunt
1103 1408 1132 1460 et
1155 1419 1171 1459 a
1195 1399 1349 1460 Theodoro
1372 1401 1403 1458 in

226 1499 411 1579 regionibus,
440 1518 515 1578 quae
539 1499 655 1560 Aliovvit
683 1507 713 1560 et
736 1499 870 1578 anuniq
895 1499 1078 1577 dicebantur,
1102 1501 1133 1557 in
1157 1497 1291 1558 hibernis
1316 1496 1404 1556 collo-

225 1599 284 1658 cati
308 1607 385 1658 sunt.
432 1597 485 1657 His
504 1597 711 1658 adiuvantibus
732 1597 860 1658 Graecos
880 1616 914 1657 ex
934 1597 1073 1689 Armenia
1095 1598 1190 1674 eiecit,
1215 1599 1325 1656 eiectos
1344 1603 1404 1655 tam

224 1697 336 1755 acriter
358 1703 534 1773 persecutns
559 1703 616 1774 est,
644 1704 678 1755 ut
705 1697 764 1754 iam
788 1695 920 1774 paschali
942 1703 1076 1774 tempore
1099 1713 1194 1774 usque
1219 1694 1255 1754 ad
1277 1694 1404 1754 Pontum

226 1793 375 1853 Euxinum
407 1795 591 1872 perveniret,
623 1793 675 1853 ubi
705 1793 922 1872 Trapezuntem
955 1793 1060 1854 urbem
1093 1794 1249 1872 oppressit.
1300 1791 1404 1870 Magna

225 1890 336 1970 praeda
360 1893 460 1951 onusti
478 1893 615 1978 Armenii
635 1900 665 1951 et
683 1891 794 1952 Arabes
819 1893 897 1970 agris
917 1891 1098 1952 Graecorum
1119 1890 1277 1950 devastatis
1295 1890 1404 1950 multos

225 1991 357 2068 captivos
382 2007 483 2049 secum
508 1989 651 2050 ducentes
676 1989 794 2050 domum
819 1989 974 2050 redierunt
1003 1983 1042 2072 (a.
1067 1983 1156 2072 653).
1202 1989 1304 2068 ltaque
1329 1988 1403 2048 Con-

224 2089 349 2147 stantini
382 2088 529 2166 expeditio
563 2091 731 2148 miserrime
766 2091 845 2149 exiit.
901 2088 1065 2167 lmperator
1097 2090 1160 2166 ipse
1193 2105 1338 2166 praeceps
1368 2105 1404 2147 ex

224 2186 365 2245 Armenia
389 2186 540 2263 proiectus
560 2194 623 2246 erat
646 2205 744 2265 neque
763 2205 889 2265 magnus
909 2188 1066 2265 exercitus,
1090 2205 1179 2265 quem
1199 2185 1331 2264 duxerat,
1355 2204 1404 2245 us-

224 2302 314 2361 quam
339 2285 498 2362 quicquam
522 2284 670 2344 ellecerat.
717 2286 856 2346 Armenia
884 2293 944 2345 tota
971 2305 986 2344 a
1010 2284 1165 2345 Theodoro
1189 2283 1403 2362 saracenisque

224 2380 423 2442 obtinebatur.

315 2488 376 2549 Hac
398 2489 552 2568 praeclara
575 2493 696 2551 victoria
721 2511 737 2551 a
761 2490 882 2550 Graecis
906 2498 1056 2570 reportata
1074 2489 1246 2550 Theodorus
1269 2488 1405 2548 Damasci

226 2585 349 2646 blaviam
380 2586 466 2666 adiit,
497 2607 513 2647 a
544 2607 602 2666 quo
631 2591 745 2666 magnis
775 2588 939 2649 honoribus
967 2589 1090 2649 allectus
1119 2594 1173 2647 est.
1219 2585 1312 2646 Mavia
1336 2603 1404 2644 eum

223 2684 418 2763 amplissimis
439 2685 523 2746 donis
544 2685 715 2747 decoratum
734 2689 902 2766 principem
920 2687 1086 2766 Armeniae,
1110 2686 1258 2764 Albaniae,
1283 2684 1404 2745 Sinniae

227 2783 378 2860 praefecit.
417 2783 505 2844 Brevi
524 2792 623 2844 autem
642 2793 710 2864 post
723 2785 897 2846 Theodorus
916 2787 1026 2846 iterum
1046 2785 1081 2845 ab
1096 2783 1242 2845 Arabibus
1262 2782 1404 2844 auxilinm

226 2889 329 2958 petere
354 2879 464 2942 debuit.
511 2881 585 2942 Cum
608 2885 640 2942 in
663 2882 815 2943 Althamar
842 2883 939 2944 insula
966 2883 1070 2943 morbo
1094 2883 1217 2944 affectus
1242 2889 1321 2944 esset
1343 2889 1403 2941 tam

226 2981 316 3056 gravi,
340 2987 373 3039 ut
396 2979 471 3038 nihil
495 2983 649 3060 suscipere
673 2990 782 3060 posset,
806 3000 909 3041 omnes
932 2983 1083 3060 principes
1101 2981 1259 3040 Armeniae
1283 2998 1316 3040 se
1335 2997 1404 3040 con-

225 3078 388 3137 iunxerunt
416 3086 446 3137 et
473 3085 583 3138 terram
611 3082 691 3139 inter
719 3099 750 3140 se
780 3079 952 3140 diviserunt.
1004 3079 1078 3140 Cum
1109 3087 1207 3140 autem
1231 3077 1404 3138 Theodorus

225 3172 342 3234 videret
371 3176 496 3234 miseros
525 3177 637 3237 incolas
669 3175 704 3237 ab
733 3178 792 3238 illis
821 3197 936 3238 summa
962 3196 1030 3237 cum
1054 3176 1229 3238 crudelitate
1253 3175 1404 3236 exhauriri

222 3279 314 3350 atque
342 3272 461 3332 tributis
494 3293 583 3352 quam
616 3265 755 3336 maximis
781 3276 930 3336 solvendis
958 3275 995 3336 ad
1023 3275 1261 3354 desperationem
1289 3272 1404 3351 adduci,

224 3369 390 3430 ‘Saracenos
414 3369 574 3450 advocavit,
597 3381 631 3434 ut
654 3373 690 3432 ab
714 3375 773 3434 illis
791 3373 979 3454 principibus
1002 3391 1113 3453 poenas
1133 3379 1312 3452 repeterent,
1337 3389 1404 3431 cum

226 3465 306 3527 solus
330 3475 433 3528 contra
457 3487 507 3528 ecs
531 3470 575 3529 nil
598 3471 717 3532 efficere
740 3481 849 3552 posset.

316 3563 429 3625 Habibo
462 3566 523 3627 filio
551 3569 707 3630 Maslamae
742 3571 816 3632 duce
852 3573 1001 3632 exercitus
1024 3569 1167 3630 Arabicus
1200 3587 1276 3628 anno
1305 3561 1402 3650 654²)

225 3664 352 3723 accessit
376 3671 405 3722 et
424 3665 565 3745 Armenii,
590 3667 697 3746 quibus
721 3668 814 3729 Mavia
838 3669 933 3730 adhuc
957 3667 1140 3748 aliquantum
1163 3667 1310 3726 libertatis
1335 3684 1403 3724 con·

317 3882 342 3947 1)
361 3879 412 3931 His
423 3880 452 3932 in
466 3882 550 3936 rebus
565 3885 712 3938 narrandis
727 3885 860 3938 nimirum
871 3885 980 3939 Sabeon
995 3886 1106 3939 secutus
1121 3902 1191 3952 sum,
1206 3883 1255 3950 qui
1269 3883 1404 3951 indigena

224 3959 386 4012 accuratius
405 3977 450 4013 res
468 3965 629 4030 pernoverit
643 3981 729 4032 quam
743 3965 938 4034 Theophanes,
957 3967 1007 4033 qui
1020 3964 1117 4034 prodit
1130 3964 1212 4018 haec:
1228 3963 1259 4017 Α.
1271 3963 1308 4017 M.
1325 3968 1402 4017 6134.

230 4038 326 4112 Τοιίτῳ
344 4043 383 4112 τῷ
402 4041 456 4096 ἔτει
475 4041 619 4100 ἐστασίασε
633 4045 838 4116 Πασαγνοίθης,
857 4045 872 4100 ὁ
891 4055 947 4101 τῶν
959 4043 1108 4116 Ἀρμενίων
1126 4042 1282 4112 πατρίκιος,
1300 4048 1338 4118 τῷ
1353 4047 1403 4116 βα-

227 4122 298 4173 σιλεῖ
319 4119 368 4172 καί
392 4123 516 4186 σπονδὰς
539 4125 608 4194 μετὰ
631 4125 748 4181 Μανίου
772 4125 908 4196 πεποίηκε
934 4127 1063 4188 δεδωκὼς
1086 4126 1161 4196 αὐτῷ
1185 4125 1233 4179 καί
1260 4125 1310 4180 τὸν
1329 4124 1403 4180 ἴδιον

226 4196 299 4253 υἱόν.
341 4201 390 4253 καί
413 4203 536 4268 ἀνιούσας
560 4205 575 4259 d
599 4208 727 4277 βασιλεὺς
749 4201 838 4276 diadar
863 4205 914 4270 ἕως
937 4205 1110 4274 Καισαρείας
1128 4203 1337 4268 Καππαδοκίας
1355 4207 1404 4260 καί

227 4276 383 4342 ἀπελπίσας
400 4289 450 4350 τῆς
467 4279 610 4353 Ἀρμενίας
627 4285 808 4357 ὑπέστρεψεν.

317 4361 343 4430 2)
362 4359 416 4414 Hic
431 4379 521 4418 annus
536 4382 569 4418 ex
579 4364 662 4420 Sebei
676 4370 809 4422 contextu
825 4367 921 4438 colligi
935 4371 1038 4436 potest,
1058 4367 1103 4421 cui
1119 4368 1205 4421 etiam
1218 4367 1403 4436 Theophanes

223 4442 333 4500 Hebibi
351 4445 524 4500 invasionem
543 4445 656 4514 tribuii3
676 4448 709 4502 cf.
730 4467 757 4517 p.
778 4455 949 4516 345‚11aqq.
969 4449 1001 4501 A.
1013 4447 1050 4504 Μ,
1062 4454 1130 4502 6145
1146 4449 1218 4502 =A
1237 4449 1261 4502 D
1282 4455 1341 4504 654.
