3304 5098
760 329 979 392 „74-

274 530 404 591 eumque
430 510 575 589 „alterum
604 507 695 570 Cain“
722 517 751 570 et
777 507 998 588 „fratricidam“
1021 509 1222 570 inclamarent.
1230 503 1257 594 1)
1303 509 1455 588 Imprimis

275 617 375 670 autem
403 616 525 688 propter
553 608 673 668 caedem
702 608 803 668 fratris
832 607 933 668 odium
962 609 1111 668 exercitus
1135 609 1279 680 excitasse
1304 601 1454 691 diciturt),

276 706 307 766 id
331 706 409 785 quod
432 708 575 766 nimirum
599 708 627 766 ei
650 707 777 766 maxime
801 714 864 766 erat
886 705 1059 766 timendum.

366 803 519 864 Cedrenus
548 796 580 886 (l.
600 823 624 863 c.
644 823 672 882 p.
693 797 804 887 762,9)
833 803 932 882 prodit
955 802 1181 864 Constantinum
1209 811 1294 864 antea
1321 823 1337 864 a
1361 803 1455 864 Theo·

275 902 362 962 dosio
385 902 532 962 offensum
556 920 631 980 esse,
656 920 748 980 eaque
778 920 810 961 re
835 919 903 961 eum
923 919 1012 980 opera
1031 901 1115 961 Pauli
1133 902 1317 980 patriarchae
1336 909 1456 962 tonsum

276 999 433 1060 diaconum
451 1000 567 1060 iecisse.
605 998 667 1069 Qua
683 997 810 1060 Cedreni
825 1001 994 1059 narratione
1010 1001 1154 1059 siveram
1169 999 1342 1077 referretur,
1361 998 1455 1059 Theo-

275 1097 389 1176 dosius,
409 1116 477 1158 cum
496 1097 604 1158 Paulus
622 1096 781 1157 Decembri
800 1115 902 1157 mense
922 1092 1389 1158 0001653010065401011000
1409 1098 1456 1175 sit,

275 1203 344 1256 ante
369 1213 479 1255 annum
504 1191 569 1256 654
593 1203 643 1255 aut
666 1189 731 1256 655
752 1194 893 1255 diaconus
917 1195 1012 1255 lactus
1037 1202 1123 1255 esset.
1167 1193 1225 1254 Sed
1250 1213 1318 1254 cum
1341 1195 1455 1274 proelio

275 1293 372 1354 navali
404 1295 474 1353 anni
507 1287 572 1352 655
605 1291 641 1352 ad
673 1291 853 1353 Phoenicem
886 1293 1045 1352 commisso
1077 1292 1263 1353 interfuisset
1296 1300 1325 1352 01
1353 1295 1455 1372 copiae

275 1393 342 1452 eius
376 1390 465 1452 caede
497 1397 651 1469 tantopere
685 1390 875 1451 exacerbatae
908 1399 1021 1470 essent,
1055 1393 1083 1450 ei
1114 1409 1175 1451 non
1202 1409 1312 1450 munus
1341 1390 1457 1451 diaconi

275 1487 329 1549 sed
367 1490 467 1567 potius
508 1490 669 1566 imperium
710 1487 829 1567 aliquod
867 1491 1019 1567 copiarum
1061 1507 1127 1550 esse
1165 1487 1293 1549 delatum
1329 1487 1454 1549 videtur.

276 1586 394 1646 Etenim
426 1585 609 1665 probabilius
642 1587 716 1646 mihi
747 1586 865 1646 videtur
897 1605 979 1665 eum,
1017 1605 1084 1648 cum
1116 1586 1261 1647 militibus
1293 1595 1454 1666 praeesset,

276 1683 392 1744 facilius
421 1686 452 1744 in
480 1685 680 1763 suspicionem
708 1685 822 1763 lratris,
851 1687 936 1763 quasi
964 1703 1109 1745 summam
1142 1686 1260 1764 imperii
1293 1693 1454 1764 appeteret,

274 1781 409 1842 incidere
432 1784 565 1861 potuisse
588 1801 676 1860 quam
700 1784 726 1842 si
749 1781 870 1856 humilis
896 1783 1036 1842 diaconus
1060 1783 1174 1843 luisset.

366 1878 577 1940 Constantinus
601 1882 692 1958 igitur
716 1899 783 1940 cum
804 1879 947 1958 populum
966 1888 996 1940 et
1015 1883 1114 1958 copias
1133 1888 1193 1940 tam
1212 1882 1329 1942 infestis
1349 1883 1455 1942 animis

275 1997 344 2038 esse
367 1977 494 2058 videret,
523 1986 627 2057 sponte
652 1977 798 2038 intellexit
821 1996 853 2038 se
877 1980 908 2037 in
932 1980 1028 2056 capite
1051 1980 1170 2057 imperii
1194 1980 1225 2038 in
1248 1998 1353 2057 magno
1377 1982 1455 2058 peri·

276 2075 343 2135 culo
363 2094 438 2136 esse.
471 2076 565 2154 Atque
580 2075 635 2136 boo
650 2077 714 2154 ipso
729 2075 862 2154 pcriculo
878 2075 956 2155 qnod
972 2078 1000 2136 ei
1014 2075 1268 2156 Constantinopoli
1282 2077 1456 2138 imminebat

276 2182 442 2234 commotus
462 2192 527 2234 esse
550 2174 625 2232 mihi
648 2173 773 2252 videtur,
796 2181 830 2234 ut
853 2173 963 2234 bellum
983 2181 1086 2234 contra
1105 2173 1256 2234 Sclavinos
1276 2177 1455 2257 susciperet,

276 2273 321 2330 sio
345 2273 424 2331 enim
448 2274 609 2349 imperator
632 2270 738 2331 urbem
762 2271 973 2332 tumultuosam
998 2271 1131 2332 descruit
1154 2280 1183 2332 et
1207 2290 1242 2331 ex
1262 2272 1354 2332 altera
1372 2281 1456 2352 parte

276 2371 368 2428 animi
395 2368 536 2447 militum,
565 2389 632 2429 cum
661 2371 692 2429 in
716 2369 827 2429 bellum
850 2371 1125 2448 proficiscerentur,
1154 2370 1209 2430 alio
1235 2369 1354 2430 deducti
1377 2375 1455 2431 sunt.

276 2464 361 2526 Haud
389 2469 450 2527 scio
479 2486 516 2527 an
540 2469 701 2546 imperator
725 2470 889 2546 speraverit
912 2487 944 2528 se
967 2468 1044 2528 bello
1068 2487 1210 2547 prospere
1235 2475 1317 2546 gesto
1341 2469 1455 2528 animos

275 2566 386 2626 civium
414 2565 601 2644 militumque
630 2565 688 2625 sibi
716 2565 975 2626 reconciliaturam
1005 2585 1079 2626 esse.
1126 2566 1256 2644 Tempus
1285 2565 1321 2626 ad
1344 2565 1456 2626 bellum

275 2662 441 2741 gerandum
465 2670 664 2742 opportunum
694 2671 769 2745 erat3
794 2665 912 2742 etenim,
937 2683 1004 2724 cum
1028 2663 1114 2742 paulo
1138 2671 1205 2724 ante
1229 2665 1308 2724 inter
1327 2663 1455 2724 Graecos

217 2769 219 2774 '
277 2768 307 2820 et
333 2760 445 2821 Arabes
477 2780 533 2839 pax
566 2761 642 2821 lacta
671 2769 761 2840 esset,
794 2779 854 2821 non
883 2769 946 2821 erat
973 2761 1151 2840 timendum,
1184 2779 1221 2821 ne
1249 2760 1354 2840 Maria,
1387 2780 1455 2823 cum

276 2856 488 2918 Constantinus
526 2865 629 2918 contra
662 2858 812 2919 Sclavinos
850 2859 886 2918 ad
918 2861 1136 2938 septentriones
1170 2877 1272 2918 versus
1304 2859 1455 2938 profectus

276 2963 370 3034 esset,
404 2955 531 3016 Graecos
560 2976 576 3016 a
604 2964 686 3034 tergo
715 2957 935 3035 aggrederetur.
981 2958 1157 3036 Imperator,
1185 2964 1220 3016 01
1247 2956 1339 3036 Syrus
1369 2955 1455 3017 Noel-

276 3052 421 3113 dekianns
455 3047 488 3136 (l.
509 3074 532 3114 0.
551 3074 579 3133 p
600 3047 657 3138 95)
694 3063 807 3133 narrat,
840 3049 997 3140 urorcm3)
1032 3053 1134 3116 secum
1168 3054 1279 3115 ducans
1313 3053 1455 3115 Constan-

276 3152 373 3210 tinum
406 3145 548 3236 lilium4),
585 3159 741 3230 postquam
775 3154 803 3212 ei
835 3155 994 3232 imperium
1028 3152 1174 3231 tradidit,¹
1201 3152 1456 3232 Constantinopoli

278 3248 407 3328 reliquit.
465 3249 569 3310 Graeci
606 3249 736 3311 secundo
773 3249 865 3310 Marte
904 3270 971 3310 cum
1005 3251 1148 3311 Sclavinis
1185 3257 1391 3330 pugnaverunt
1427 3258 1456 3312 et

276 3346 412 3406 hostibus
446 3347 589 3408 subiectis
622 3347 730 3408 multos
763 3349 794 3407 in
826 3345 1023 3428 captivitatem
1052 3349 1232 3410 abducentes
1262 3347 1380 3408 domum
1409 3367 1455 3408 re·

276 3438 472 3528 verterunt.⁵)

367 3541 451 3612 Quod
475 3545 579 3603 attinet
603 3543 639 3603 ad
659 3545 802 3603 rationem
823 3551 990 3624 temporum
1010 3543 1117 3624 quibus
1138 3562 1186 3604 res
1208 3543 1295 3604 modo
1314 3551 1455 3604 tractatae

276 3649 377 3719 gestae
406 3643 478 3720 sint,
506 3641 578 3701 baec
605 3641 740 3720 prolerre
761 3641 842 3711 ¹mihi
871 3641 966 3702 liceat.
1013 3642 1207 3720 Theophanes
1237 3641 1455 3720 expeditionem

368 3877 393 3944 1)
412 3874 483 3928 Ibid.
503 3874 558 3928 Bar
575 3875 721 3929 Hebraeus
740 3874 757 3928 l.
779 3893 801 3928 c.
820 3893 848 3944 p.
865 3882 938 3944 112„

348 4008 349 4012 ,
368 3957 393 4024 2)
413 3955 470 4009 Bar
487 3955 631 4008 Hebraeus
650 3955 668 4009 l.
690 3973 711 4010 c.
732 3974 758 4023 p.
776 3961 839 4021 1123
858 3955 982 4010 Michael
1001 3955 1085 4024 Syrus
1104 3955 1122 4008 l.
1143 3973 1165 4011 c.
1186 3975 1212 4025 p.
1229 3961 1288 4009 240.

368 4038 393 4105 3)
413 4034 455 4088 De
474 4035 652 4104 imperatrice
678 4035 786 4102 aliquid
806 4036 963 4090 accuratius
984 4036 1137 4105 comperire
1156 4053 1213 4089 non
1231 4052 1393 4106 possumus;
1421 4051 1456 4088 00
1494 4036 1498 4042 “

276 4118 338 4170 cius
356 4132 458 4170 nomen
477 4115 591 4184 quidem
611 4116 748 4169 traditum
767 4118 817 4171 est.

285 4225 291 4236 ·
367 4199 393 4266 4)
413 4195 498 4266 Pagi
523 4195 570 4264 (ad
594 4211 656 4248 ann.
684 4201 736 4250 654
750 4198 803 4266 XV)
823 4196 928 4250 conicit
950 4195 1164 4250 Constantinum
1182 4195 1221 4249 ΙΠ
1240 4195 1456 4250 Constantinum

276 4275 380 4343 filium,
405 4275 582 4346 Pogonatum
609 4276 787 4346 cognomine,
818 4279 882 4345 post
908 4277 984 4330 diem
1009 4281 1025 4330 6
1049 4275 1154 4345 Aprilis
1178 4278 1207 4330 01
1232 4279 1297 4331 0010
1323 4275 1398 4330 diem
1422 4281 1455 4330 26

276 4356 404 4410 eiusdem
422 4357 527 4411 mensis
546 4356 614 4409 anni
633 4361 685 4410 654
704 4357 812 4410 socium
830 4356 942 4426 imperii
961 4358 990 4411 01
1008 4357 1169 4427 Augustum
1187 4356 1401 4426 nuncupavisse.

367 4439 393 4507 6)
414 4435 538 4506 Theoph.
559 4455 586 4505 p.
603 4441 754 4506 347‚6sq.;
774 4436 852 4490 Elias
871 4435 963 4492 Nisib.
984 4436 1036 4490 sub
1055 4437 1087 4491 A.
1098 4436 1132 4490 H.
1145 4441 1186 4491 69.
