3304 5098
922 1113 1046 1190 Vita.

486 1404 579 1466 Natus
603 1424 669 1466 sum
693 1405 845 1465 loannes
869 1404 1046 1464 llaestner
1069 1404 1155 1464 lenae
1180 1403 1227 1464 die
1251 1401 1294 1465 29
1313 1407 1435 1466 mensis
1458 1408 1607 1470 Ianuarii

397 1505 467 1564 anni
492 1499 578 1564 1882
601 1511 685 1582 patre
705 1502 836 1582 Gotthilf²
859 1511 953 1563 matre
977 1502 1060 1562 Alma
1084 1521 1099 1561 c
1122 1511 1209 1580 gente
1234 1502 1351 1582 Sontag,
1375 1523 1462 1582 quos
1491 1507 1608 1568 ambos

396 1620 523 1663 veneror
551 1603 736 1686 superstites.
782 1601 866 1661 Fidei
894 1600 1029 1660 addictus
1053 1619 1119 1660 sum
1143 1600 1337 1679 evangelicae.
1383 1601 1512 1664 Primis
1542 1605 1606 1666 ele-

396 1702 506 1760 mentis
524 1699 657 1761 imbutus
676 1701 863 1778 gymnasium
877 1697 1227 1759 Carolo-Alexandrinurn
1242 1701 1356 1776 patriae
1370 1699 1467 1760 urhis
1484 1721 1604 1763 novem

397 1816 452 1876 per
484 1815 577 1858 annos
608 1798 801 1876 frequentavi.
852 1789 1030 1857 Maturitatis
1057 1797 1262 1856 testimonium
1289 1815 1359 1856 vere
1387 1801 1470 1858 anni
1506 1797 1600 1861 1901

398 1895 521 1974 adeptus
535 1913 628 1956 unum
644 1913 754 1955 annum
767 1895 900 1972 militavi,
915 1901 982 1973 post
996 1912 1085 1972 quem
1100 1895 1325 1954 universitatem
1339 1893 1399 1954 adii
1410 1895 1602 1977 lenensem,

396 2001 431 2053 ut
458 1993 565 2054 studiis
593 1993 746 2053 historicis
777 2001 807 2052 et
838 1991 1025 2071 philologieis
1057 2008 1177 2069 operam
1211 2009 1356 2052 cavarum.
1403 1991 1603 2057 Doeuerunt

396 2109 445 2150 me
473 2093 530 2150 viri
559 2090 638 2151 docti
666 2091 710 2150 hi:
745 2089 971 2167 Cartellieri,
999 2088 1217 2168 Delhruecli,
1246 2088 1404 2168 Eucken,
1439 2091 1604 2173 Gelzer‚

398 2189 530 2267 Goetz,
563 2187 711 2267 Hirzel,
742 2188 933 2266 lleutgen,
971 2187 1198 2265 Leitzmann,
1231 2186 1442 2266 Liehcnam‚
1481 2190 1602 2252 Lieh-

397 2304 515 2364 mann‚
543 2285 693 2364 Lorenz,
721 2284 884 2364 Michels,
912 2284 1038 2345 Noach.
1085 2284 1200 2345 Scholis
1229 2287 1382 2346 seminarii
1405 2287 1602 2368 philologici

397 2383 620 2445 moderantibus
645 2383 786 2462 Gelzer‚
815 2383 935 2462 Goetz‚
962 2382 1083 2450 Hirzel
1112 2401 1166 2461 per
1193 2385 1249 2442 tria
1273 2385 1432 2444 semestria
1458 2387 1599 2447 interlui

398 2481 507 2542 sodalis
535 2481 719 2560 ordinatim,
748 2500 802 2561 per
829 2501 922 2542 unum
952 2480 1116 2544 subsanior.
1163 2481 1206 2540 hd
1234 2483 1469 2542 exercitationes
1499 2488 1600 2545 semi-

397 2581 475 2642 narii
498 2581 633 2640 historici
656 2579 786 2658 henigne
809 2597 857 2640 me
877 2579 996 2639 admisit
1015 2577 1224 2640 Cartellieri
1247 2597 1302 2658 per
1325 2580 1381 2638 tria
1405 2585 1597 2663 semestria3

398 2679 552 2740 seminarii
575 2678 710 2738 historici
734 2697 750 2737 a
775 2676 924 2738 Gelzero
948 2679 1023 2737 recti
1046 2695 1101 2754 per
1125 2685 1264 2756 quattuor
1290 2679 1452 2737 semestris
1475 2680 1598 2740 sodalis

399 2777 450 2836 lui.
496 2775 611 2846 Quibus
639 2777 712 2834 viris
740 2775 963 2836 humanissimis
992 2775 1130 2836 omnihus
1158 2777 1267 2854 gratias
1295 2793 1349 2854 ago
1373 2793 1466 2853 quam
1493 2781 1596 2837 maxi-

397 2893 470 2934 mas.
516 2874 593 2934 Eum
617 2881 715 2934 autern
735 2875 831 2932 virum
852 2872 936 2933 doleo
955 2872 1148 2933 acerbissimo
1168 2873 1227 2933 lato
1245 2871 1332 2932 nohis
1350 2875 1409 2932 iam
1431 2883 1595 2954 ereptum,

399 2973 448 3031 cui
476 2973 608 3032 omnium
632 2971 794 3050 plurimum
819 2969 925 3031 debeo:
953 2970 1102 3030 Henrioi
1127 2969 1252 3030 Gelzer
1272 2971 1450 3030 memoriam
1477 2975 1595 3048 gratis-

400 3071 475 3130 simo
504 3071 601 3129 animo
631 3075 718 3148 atque
746 3069 874 3128 maxima
903 3087 970 3128 cum
998 3070 1107 3146 pietate
1137 3068 1234 3128 colere
1258 3085 1409 3146 nunquam
1435 3065 1593 3129 desinam.
