3304 5098
729 309 950 372 ,γρ-

251 490 436 552 Theodosius
464 491 583 570 quidem
613 509 687 570 quae
711 491 855 551 Maximus
884 490 1037 552 contendit
1068 491 1195 571 probare
1218 491 1374 572 ridebatur
1402 499 1432 553 et

252 591 352 650 statim
375 597 496 669 paratus
521 598 584 650 erat
607 589 714 650 litteris
738 588 811 650 duas
835 598 956 649 naturas
976 598 1006 650 et
1028 588 1193 650 voluntates
1213 589 1323 650 Christi
1343 607 1431 668 agno·

252 705 349 766 scere,
380 689 406 748 si
433 686 578 748 Maximus
607 706 674 748 cum
703 687 828 748 ecclesia
857 686 1179 766 Constantinopolitana
1207 687 1325 748 laceret.
1376 687 1432 748 llic

252 793 351 846 autem
370 785 524 864 respondit
543 804 575 846 se
595 785 760 864 simplicem
778 785 957 845 monachum
976 803 1035 845 non
1051 784 1160 846 audere
1174 785 1261 846 talem
1276 803 1432 846 assensum

252 885 397 962 scriptum
426 885 575 963 accipere,
603 885 693 943 immo
720 884 820 961 potius
849 901 924 961 opus
947 901 1013 943 esse
1038 883 1202 944 secundum
1227 883 1358 962 regulam
1384 903 1431 944 ec·

253 981 449 1042 clesiasticam
479 983 690 1060 imperatorem
719 988 749 1040 et
775 979 974 1059 patriarcham
1002 981 1057 1040 hac
1085 983 1116 1040 in
1144 999 1177 1041 re
1205 980 1243 1041 ad
1269 1000 1374 1060 papam
1399 1000 1431 1041 se

253 1086 435 1140 convertere.
486 1077 670 1139 Theodosius
703 1080 792 1139 etiam
820 1077 890 1139 huic
922 1077 1113 1157 postulationi
1146 1078 1256 1140 cedens
1284 1081 1389 1158 petivit
1416 1098 1433 1139 a

252 1176 391 1255 Maximo,
419 1184 453 1236 ut
476 1195 578 1236 secum
602 1178 727 1254 veniret,
757 1179 783 1236 si
806 1175 842 1236 ab
865 1178 1044 1255 imperatore
1068 1185 1098 1236 et
1120 1177 1287 1255 patriarcha
1309 1177 1432 1238 Romam

252 1276 435 1353 mitteretur,
468 1281 501 1334 ut
534 1293 602 1334 cnm
631 1293 705 1353 papa
732 1277 815 1353 pacis
843 1293 931 1334 causa
959 1284 1067 1352 ageret.
1113 1273 1198 1344 Quod
1226 1274 1370 1335 Maximus
1400 1293 1432 1335 se

253 1372 400 1433 iacturum
424 1390 491 1432 esse
514 1371 664 1450 pollicitus
688 1380 734 1432 est
756 1391 932 1451 omnesque,
957 1374 1009 1450 qui
1031 1373 1102 1433 hnic
1126 1372 1318 1451 disputationi
1341 1375 1432 1432 inter-

253 1479 349 1549 erant,
377 1489 449 1549 pras
477 1471 588 1531 laetitia
616 1470 753 1530 lacrimas
777 1470 918 1530 elludisse
943 1470 1095 1550 dicuntur,
1124 1472 1193 1550 quia
1216 1479 1288 1530 tunc
1312 1470 1432 1549 quidem

253 1570 368 1648 sperari
395 1571 492 1648 potuit
513 1587 617 1647 pacem
645 1570 725 1628 inter
746 1567 906 1629 Maximum
933 1576 962 1628 et
986 1568 1141 1629 ecclesiam
1165 1567 1432 1648 Constantinopoli·

253 1674 352 1727 tanam
376 1668 394 1725 i.
415 1685 439 1726 e.
463 1669 543 1727 inter
568 1665 722 1727 ditheletas
747 1674 777 1727 et
798 1665 1014 1727 monotheletas
1039 1667 1148 1728 iactum
1171 1668 1217 1726 iri.

343 1763 527 1824 Theodosius
547 1772 645 1824 autem
665 1765 830 1843 episcopus,
851 1766 984 1842 quamvis
1003 1764 1090 1824 modo
1110 1763 1182 1824 duas
1201 1763 1312 1824 Christi
1331 1763 1433 1824 volun·

253 1869 329 1922 tates
347 1861 541 1942 probavisset,
560 1861 647 1941 paulo
665 1870 733 1941 post
752 1881 788 1921 ex
806 1861 932 1922 Maximo
952 1863 1105 1940 quaesivit,
1124 1880 1196 1922 num
1214 1861 1295 1921 nullo
1314 1861 1433 1922 tandem

253 1959 340 2020 modo
368 1979 458 2020 uuam
486 1959 667 2020 voluntatem
696 1967 726 2019 et
753 1961 953 2038 operationem
983 1958 1081 2020 dicere
1104 1967 1214 2038 posset.
1261 1958 1320 2020 Sed
1343 1959 1433 2020 abbas

253 2059 285 2117 in
312 2059 439 2136 pristina
468 2060 614 2118 sententia
642 2059 851 2136 perseveravit.
902 2056 1086 2118 Theodosius
1113 2065 1270 2136 postquam
1300 2057 1374 2118 dixit
1401 2076 1433 2119 se

255 2174 375 2234 sperare
399 2158 608 2234 imperatorem
633 2154 740 2215 adduci
757 2174 854 2234 posse,
878 2163 912 2216 ut
929 2155 1041 2234 legatos
1059 2153 1181 2215 Romam
1200 2157 1340 2230 mitteret,
1365 2174 1433 2216 cum

255 2256 307 2332 eis,
331 2256 382 2333 qui
407 2273 474 2314 cum
494 2273 528 2314 eo
553 2252 588 2313 ad
612 2252 771 2313 Maximum
795 2261 946 2330 venerant,
970 2253 1049 2313 abiit.

344 2351 536 2412 Constantino
560 2358 658 2411 autem
681 2351 856 2430 persuaderi
878 2369 938 2411 non
961 2358 1089 2430 poterat,
1112 2359 1146 2411 ut
1169 2370 1216 2430 ea,
1240 2369 1316 2430 qnae
1339 2351 1434 2412 Theo-

256 2449 357 2510 dosius
379 2457 588 2528 proposuerat,
618 2451 774 2528 acciperet.
820 2449 913 2509 Immo
938 2448 1033 2510 denuo
1058 2450 1156 2509 omnia
1178 2447 1299 2509 molitus
1323 2457 1377 2528 est,
1400 2457 1435 2509 nt

254 2547 414 2608 Maximum
438 2547 495 2607 sibi
520 2547 698 2608 conciliaret.
746 2546 817 2607 Eius
841 2549 925 2608 iussu
951 2546 998 2607 die
1022 2545 1041 2608 8
1067 2546 1251 2626 Septembris
1275 2549 1345 2608 anni
1369 2544 1433 2609 656

254 2645 363 2706 Paulus
389 2645 493 2706 consul
517 2645 553 2705 ad
571 2644 730 2705 Maximum
755 2645 845 2705 rediit
853 2639 888 2729 ¹),
912 2653 945 2705 ut
968 2664 1036 2705 eum
1055 2645 1142 2723 Bizya
1165 2645 1197 2704 in
1220 2647 1434 2706 monasterium

256 2743 284 2803 S.
299 2743 456 2822 Theodori,
476 2742 555 2822 quod
573 2761 666 2822 prope
685 2742 832 2821 Rhegium
851 2745 941 2803 situm
961 2751 1032 2821 erat,
1056 2742 1233 2803 traduceret.
1271 2741 1353 2802 Inter
1371 2750 1434 2803 acta

255 2840 375 2901 Maximi
394 2843 483 2901 etiam
502 2840 591 2902 verba
610 2843 761 2920 praecepti
775 2841 865 2902 Paulo
885 2840 920 2902 ab
939 2843 1118 2920 imperatore
1138 2840 1205 2918 dati,
1226 2859 1300 2919 quae
1320 2842 1435 2918 integra

191 2957 195 2961 ·
255 2939 328 2998 mihi
352 2957 419 2999 esse
442 2937 590 3018 videntur,
613 2937 649 2998 ad
668 2957 722 2998 nos
743 2946 888 3000 venerunt
910 2938 996 2999 haec:
1020 2935 1231 3018 „Kaiadopev
1255 2942 1294 3020 τῇ
1318 2943 1360 3020 σῇ
1384 2932 1433 2999 ἐν·

256 3033 407 3115 δοξότητι
431 3033 593 3098 ἀπελθεῖν
612 3032 649 3097 ἐν
667 3035 781 3118 Βιζύῃ,
804 3031 860 3097 καλ
880 3032 1017 3116 ἀγαγεῖν
1035 3030 1192 3116 Μάξιμον
1210 3033 1270 3096 τὸν
1287 3037 1435 3116 μόναχον

255 3131 336 3214 μετὰ
358 3135 483 3213 πολλῆς
506 3141 601 3215 τιμῆς
624 3128 679 3195 καὶ
702 3133 884 3214 κολακείας,
908 3132 964 3195 διαί
987 3153 1022 3195 τε
1045 3131 1082 3194 τὸ
1107 3139 1211 3214 γῆρας
1233 3128 1288 3194 καὶ
1314 3131 1376 3213 τὴν
1400 3129 1436 3193 ιἰ-

257 3228 416 3293 σθίνειαν
443 3227 498 3292 καὶ
526 3229 562 3293 τὸ
587 3224 669 3293 εἶναι
694 3229 796 3294 αὐτὸν
818 3229 1020 3314 προγονικὸν
1043 3227 1147 3312 ἡμῶν,
1175 3225 1229 3292 καὶ
1254 3230 1435 3310 γενόμενον

257 3325 370 3402 αὐτοῖς
402 3330 525 3409 τίμιον·
558 3327 612 3391 καλ
644 3325 770 3391 θέσθαι
797 3336 918 3392 τοῦτον
949 3326 986 3391 ἐν
1013 3335 1058 3413 τῷ
1088 3326 1199 3408 εὐαγεῖ
1225 3329 1435 3414 μοναστηρίῳ

256 3432 316 3489 τοῦ
340 3424 438 3506 ἁγίου
465 3426 657 3508 Θεοδώρου,
683 3431 727 3512 τῷ
752 3424 947 3512 διακειμένῳ
970 3427 1112 3508 πλησίον
1134 3432 1194 3488 τοῦ
1213 3421 1357 3507 Ῥηγίου·
1381 3422 1436 3488 καὶ

257 3519 373 3587 ἐλθεῖν
404 3522 458 3586 καλ
491 3531 636 3606 μηνῦσαι
665 3523 758 3606 ἡμῖν,
790 3521 844 3587 καὶ
874 3521 1044 3607 πέμπομεν
1072 3521 1107 3585 ἐκ
1135 3523 1314 3606 προσώπου
1342 3522 1436 3605 ἡμῶν

257 3620 319 3684 drio
347 3622 542 3704 πατρικίους
570 3621 768 3704 ὀφείλοντας
797 3622 1015 3705 διαλεχθῆναι
1044 3620 1083 3683 τὰ
1111 3620 1323 3703 παραστάντα
1346 3619 1436 3704 ἡμῖν,

257 3723 440 3801 φιλοῦντας
475 3718 560 3802 ἡμᾶς
596 3729 743 3802 ψυχικοῖς
774 3717 830 3782 καλ
863 3717 1088 3802 ψιλουμένους
1120 3715 1197 3800 παρ’
1234 3717 1339 3800 ἡμῶν·
1381 3715 1436 3782 καὶ

258 3813 382 3899 ἐλθεῖν,
405 3816 460 3880 καῖ
483 3816 676 3899 ἀναγγεῖλαι
700 3816 778 3900 ἡμῖν
801 3817 861 3900 τὴν
883 3820 1071 3902 παρουσίαν
1095 3811 1263 3902 αὐτοῦίίῖ)

346 3918 480 3997 Patricii,
514 3918 549 3978 de
578 3917 686 3997 quibus
714 3920 746 3978 in
773 3918 830 3978 hoc
857 3921 1015 3998 praecepto
1044 3935 1142 3977 sermo
1171 3926 1230 3995 est,
1260 3917 1378 3978 Troilus
1407 3925 1437 3977 et

258 4014 440 4094 Epiphanius
473 4017 607 4095 luerunt,
640 4018 691 4095 qui
723 4035 782 4076 una
814 4035 882 4076 cum
909 4015 1074 4076 Theodosio
1108 4015 1247 4093 episcopo
1275 4014 1436 4076 Maximum

350 4261 374 4329 1)
395 4258 477 4312 Sexto
496 4259 562 4312 Idus
582 4257 754 4328 Septembris
774 4259 890 4326 quintae
910 4257 1036 4312 decimae
1055 4219 1227 4312 indictionis.
1267 4256 1306 4311 cf.
1322 4257 1435 4329 Migne

258 4337 319 4398 Le·
339 4343 509 4489 Ιλ)115ῖλλςτιο
528 4419 545 4472 l.
567 4436 589 4473 c.
609 4424 712 4490 p.160.
1223 4428 1232 4459 l
