3304 5098
651 1238 701 1316 lle
734 1239 912 1318 fontibus.

723 1439 829 1447 ...ψ-*-

276 1564 484 1625 Tractantibus
507 1564 594 1624 nobis
617 1565 771 1625 historiam
796 1565 982 1625 Constantini
1005 1561 1077 1650 111¹)
1106 1568 1203 1646 primo
1231 1566 1295 1627 loco
1318 1569 1363 1627 ni·

186 1665 296 1723 mirum
330 1664 448 1723 lontes
476 1662 607 1723 Graeci
634 1662 815 1742 respiciendi
843 1671 919 1723 sunt.
973 1664 1031 1724 Sed
1058 1672 1093 1725 ut
1120 1665 1226 1725 borum
1254 1667 1286 1726 in
1309 1683 1363 1726 nu·

186 1779 269 1820 mero
284 1763 395 1840 scripta
410 1761 553 1840 ampliora
568 1779 643 1840 quae
659 1761 694 1820 ab
710 1759 882 1839 aequalibus
897 1763 1060 1840 composita
1074 1763 1134 1822 sint
1148 1761 1229 1822 nulla
1243 1769 1363 1840 praesto

186 1877 252 1918 esse
281 1858 364 1918 valde
395 1858 542 1933 dolemus,
571 1861 614 1919 sic
642 1861 721 1918 inter
749 1857 879 1936 reliquas
903 1856 1030 1919 Graecas
1053 1859 1171 1920 litteras
1191 1878 1207 1918 a
1231 1868 1363 1920 oontem-

185 1959 324 2035 poraneis
343 1959 469 2036 scriptas
488 1959 666 2034 invenimus,
686 1959 717 2016 ni
736 1955 829 2033 l'allor,
848 1955 953 2035 nullas,
973 1976 1048 2036 quae
1068 1957 1189 2036 quidem
1208 1958 1362 2018 historiam

185 2055 337 2132 protanam
366 2057 519 2134 attingant.
570 2053 623 2114 llis
652 2056 732 2114 enim
760 2053 839 2113 solae
868 2072 916 2115 res
945 2054 1163 2115 ecclesiasticae
1191 2063 1362 2116 tractantur.

131 2161 135 2170 “
185 2151 299 2222 Quibus
323 2171 359 2212 ex
378 2152 516 2213 omnibus
535 2154 597 2212 sive
616 2154 736 2230 scriptis
756 2153 817 2211 sive
836 2153 1045 2213 instrumentis
1063 2155 1270 2230 gravissimum
1289 2154 1362 2213 mibi

130 2243 131 2250 '
168 2249 303 2310 ‘videtur
335 2249 487 2329 exemplar
519 2246 619 2330 ‘typi',
652 2267 741 2328 quem
774 2248 998 2328 Constantinus,
1030 2257 1064 2310 ut
1097 2250 1259 2310 discordias
1292 2269 1362 2311 suae

185 2349 288 2408 aetatis
313 2366 348 2408 ex
372 2347 498 2408 diversis
523 2346 709 2425 dogmatibus
728 2354 808 2407 ortas
826 2346 953 2426 tolleret,
975 2348 1222 2427 promulgaverat.
1268 2348 1363 2410 lluius

186 2444 299 2506 decreti
322 2445 490 2524 exemplum
514 2447 594 2505 inter
617 2453 682 2506 acta
705 2444 824 2506 concilii
847 2444 1065 2525 lateranensis,
1094 2446 1173 2525 quod
1196 2464 1273 2506 anno
1297 2443 1361 2507 649

185 2551 395 2621 congregatum
421 2551 493 2621 erat,
517 2543 553 2603 ad
577 2562 631 2603 nos
654 2536 772 2624 venitfl)

273 2641 386 2701 Deinde
410 2642 468 2701 buo
492 2641 649 2701 referenda
673 2649 743 2701 sunt
767 2659 809 2718 ea,
833 2659 908 2719 quac
933 2640 969 2701 de
988 2643 1129 2720 martyrio
1147 2641 1267 2702 Maximi
1286 2642 1361 2702 Con·

184 2738 306 2798 sessoris
335 2739 371 2798 ab
400 2739 554 2800 Anastasio
583 2738 752 2818 responsali
780 2745 809 2798 et
832 2739 986 2799 Anastasio
1014 2739 1171 2817 monacho,
1199 2739 1279 2800 illius
1303 2739 1362 2800 dis·

184 2837 304 2916 cipulis,
334 2840 496 2897 memoriae
525 2836 642 2916 prodita
673 2844 755 2914 sunt,
788 2838 840 2914 qui
872 2839 1016 2897 maximae
1047 2839 1125 2916 parti
1155 2855 1257 2898 rerum
1288 2856 1362 2916 quas

184 2943 305 2994 narrant
333 2935 541 2995 interfuerunt.
592 2934 634 2994 De
664 2937 761 3013 prima
789 2937 976 3013 quaestione,
1004 2954 1080 3014 quae
1108 2935 1362 3016 Constantinopoli

183 3034 215 3092 in
238 3031 397 3092 Maximum
422 3035 545 3111 eiusque
565 3031 726 3112 discipulos
746 3034 881 3092 instituta
906 3040 960 3112 est,
983 3033 1156 3094 Anastasius
1180 3034 1361 3113 responsalis

183 3133 406 3190 accuratissime
431 3133 490 3208 agit
514 3133 544 3189 in
569 3137 697 3191 tractatu
717 3132 768 3209 qui
787 3129 963 3191 inscribitur
981 3125 1176 3210 ,,Ἐξήγησις
1195 3137 1252 3212 τῆς
1270 3133 1361 3212 κινή-

184 3241 267 3300 σεως
290 3223 471 3308 γενομένης
494 3225 614 3308 μεταξὺ
636 3234 696 3290 τοῦ
715 3233 821 3306 κυροῦ
840 3223 927 3308 ἀββᾶ
945 3224 1113 3308 Μαξίμου,
1137 3224 1191 3290 καὶ
1210 3238 1278 3291 τῶν
1296 3229 1361 3292 σὺν

183 3322 287 3410 αὐτῷ,
317 3321 372 3386 καὶ
402 3334 471 3388 τῶν
501 3323 671 3406 ἀρχόντων
701 3322 754 3388 ἐπὶ
779 3320 995 3412 σεκρέτουῆῧ)
1045 3327 1087 3387 De
1112 3327 1245 3388 doctrina
1269 3331 1361 3390 trium

183 3423 366 3485 voluntatum
396 3424 537 3485 docemur
566 3424 679 3484 duabus
703 3426 852 3504 epistulis,
876 3443 1002 3504 quarum
1026 3425 1118 3486 altera
1141 3445 1158 3486 a
1182 3425 1210 3486 S.
1234 3425 1360 3487 Maximo

183 3523 247 3600 ipso
276 3521 312 3582 ad
335 3523 523 3583 Anastasium
550 3517 775 3608 monachum‘),
804 3523 896 3583 altera
924 3521 960 3582 ab
988 3523 1044 3583 boo
1066 3523 1186 3584 Maximi
1215 3523 1360 3603 discipulo

183 3618 219 3678 ad
249 3620 409 3680 monachos
438 3620 623 3681 Calarienses
654 3620 720 3680 data
749 3614 831 3705 est.⁶)
885 3620 976 3680 Porro
1005 3621 1263 3682 commemoranda
1291 3631 1361 3682 sunt

273 3847 298 3914 1)
318 3845 360 3898 De
378 3845 491 3899 nomine
511 3846 574 3899 vide
593 3846 675 3900 infra.
713 3846 869 3914 Imperator
887 3861 905 3898 a
922 3845 1028 3915 populo
1043 3843 1180 3900 Constans
1199 3845 1359 3915 appellatus

183 3924 411 3980 Constantino
430 3925 544 3980 nomine
562 3925 676 3995 publice
694 3943 762 3980 usus
781 3927 832 3979 est.
866 3925 921 3980 Sed
936 3925 1012 3994 apud
1026 3942 1122 3980 omnes
1136 3925 1194 3980 fere
1209 3925 1359 3995 scriptores

183 4001 343 4059 Constantis
362 4021 465 4060 nomen
482 4006 615 4060 invenies.

271 4088 298 4156 2)
317 4085 441 4153 Mami,
460 4087 533 4140 Aeta
548 4085 730 4140 conciliorum
744 4086 899 4154 Xp.1029;
920 4085 954 4141 cf.
970 4085 1103 4152 Helela,
1119 4084 1358 4157 Conciliengesch.

181 4163 382 4234 fflpmm
1302 4167 1305 4176 '

272 4248 298 4314 3)
317 4246 431 4317 Migne
450 4246 554 4302 Patrol.
574 4262 677 4318 graeca
696 4245 940 4315 901p.109sqq.

271 4329 298 4396 4)
316 4326 388 4381 ibid.
407 4345 435 4396 p.
452 4333 510 4382 132.

271 4409 297 4476 b)
314 4406 385 4461 Ibid.
400 4426 427 4476 p.
444 4413 503 4460 133.
537 4407 628 4461 Huius
642 4406 782 4477 epistulae
796 4406 940 4476 exemplar
953 4406 1044 4462 latina
1057 4407 1157 4478 lingue
1172 4408 1358 4477 compositum

181 4485 218 4540 od
237 4489 362 4540 nostram
381 4489 504 4542 aetatem
522 4489 608 4542 venit.

1109 4576 1143 4630 1.
