3304 5098
743 303 964 366 ..40-

264 496 443 567 putaverunt
474 505 540 546 cum
571 484 717 546 Arabibus
748 485 854 545 lacere.
910 484 1037 544 Arredat
1069 486 1191 545 forsitan
1222 485 1312 544 altera
1344 504 1443 546 rausa.

264 583 374 644 Notum
403 593 448 644 est
475 586 630 644 Armenios
659 602 717 644 non
746 585 824 643 sicut
851 583 979 642 Graecos
1004 583 1106 662 dogma
1137 584 1255 643 concilii
1281 583 1443 644 Chalcedo-

264 685 379 760 nensis,
408 682 486 762 quod
514 681 573 742 illis
601 681 785 767 temporibus
810 679 915 739 Graeci
945 679 1169 740 fundamentum
1198 681 1267 741 bdei
1299 680 1444 761 dicerent,

263 779 444 858 probavisse,
464 779 516 840 sed
531 780 587 839 hoc
607 787 775 838 exsecratos
791 786 820 838 et
839 779 988 856 propriam
1010 778 1173 838 doctrinam
1193 797 1258 838 esse
1279 781 1442 864 confessos.

263 877 417 938 Heraclius
441 879 603 956 imperator
631 896 699 937 cum
724 877 793 936 olim
818 885 977 936 conaretur
1002 878 1224 956 monophysitas
1248 877 1443 938 fundamento

264 974 414 1036 doctrinae
438 975 684 1036 monotheleticae
712 977 812 1053 unire,
841 982 994 1034 assecutus
1019 982 1075 1052 est,
1103 983 1137 1034 ut
1163 977 1252 1034 etiam
1276 977 1441 1055 Armenios

263 1076 314 1151 qui
338 1081 409 1133 tunc
433 1073 490 1132 Ezr
513 1073 690 1132 catholicum
714 1072 875 1150 habebant,
900 1070 936 1131 ad
960 1091 1043 1132 suam
1067 1073 1156 1132 iidem
1180 1072 1358 1150 perduceret
1383 1067 1443 1155 (ca.

263 1191 287 1230 3.
312 1166 401 1254 633).
448 1171 584 1230 Heraclio
610 1180 709 1230 autem
734 1178 852 1230 mortuo
873 1171 1007 1228 ¹Armenii
1032 1169 1067 1230 ad
1091 1172 1241 1248 propriam
1267 1171 1443 1250 doctrinam,

262 1269 479 1329 confessionem
508 1268 766 1329 monotheleticam
795 1270 967 1345 reicientes,
996 1263 1186 1352 rediemnt.¹)
1233 1269 1275 1327 Ex
1300 1269 1346 1327 bis
1371 1269 1441 1330 hdei

263 1367 472 1445 discrepantiis
502 1384 606 1443 magna
639 1365 784 1425 discordia
817 1368 896 1426 inter
924 1367 1080 1426 Armenios
1113 1374 1142 1426 et
1173 1369 1272 1446 copias
1304 1367 1443 1446 Graecas,

262 1483 337 1543 quae
365 1467 396 1524 iu
426 1483 529 1524 eorum
553 1472 631 1523 terra
658 1465 771 1542 positae
795 1471 890 1541 erant,
922 1472 1023 1523 exorta
1052 1472 1105 1524 est.
1153 1464 1257 1524 Graeci
1284 1465 1361 1543 apud
1385 1469 1443 1526 im·

261 1571 428 1639 peratorem
453 1564 550 1640 questi
570 1569 648 1639 sunt,
672 1561 750 1640 quod
771 1561 805 1620 ab
825 1562 974 1620 Armeniis
996 1565 1081 1640 quasi
1100 1562 1234 1622 infideles
1253 1572 1442 1640 putarentur,

262 1679 329 1720 cum
353 1661 486 1719 Armenii
510 1659 614 1736 dogma
639 1659 758 1718 concilii
777 1659 1027 1720 Chalcedonensis
1048 1660 1274 1720 detestarentur.
1322 1661 1438 1731 Quare

262 1757 472 1818 Constantinus
503 1765 532 1817 et
562 1757 729 1836 patriarcha
759 1758 1101 1836 Constantinopolitanus
1129 1759 1284 1820 Armenios
1315 1761 1440 1837 nronuit,

260 1863 294 1915 ut
331 1874 397 1915 cum
437 1855 567 1916 doctrina
601 1854 721 1915 concilii
754 1853 1003 1914 Chalcedonensis
1038 1858 1249 1916 consentirent.
1306 1857 1379 1916 Cum
1413 1877 1437 1916 a.

261 1947 398 2034 648f92)
428 1953 537 2013 b'erses
562 1953 722 2012 catholicus
751 1961 780 2012 et
804 1953 976 2012 Theodorus
1001 1955 1031 2012 in
1050 1953 1156 2013 urbem
1179 1953 1253 2014 llvin
1278 1955 1439 2014 concilium

261 2053 468 2130 episcoporum
487 2055 716 2130 principumque
731 2053 938 2111 Armeniorum
959 2053 1208 2130 conmcavissem,
1228 2055 1389 2131 imperator
1408 2063 1438 2113 et

260 2151 425 2229 patriarcha
451 2149 791 2228 Constantinopolitanus
815 2149 936 2226 Davida,
966 2151 1075 2228 quippe
1104 2151 1154 2227 qui
1182 2151 1367 2230 philosophia
1392 2154 1441 2210 in-

261 2255 392 2307 structus
412 2257 498 2326 esset,
518 2250 672 2324 miserunt,
692 2255 726 2306 ut
740 2248 895 2306 Armenios
915 2246 951 2306 ad
966 2246 1146 2307 Graecorum
1163 2248 1250 2307 sidem
1266 2249 1439 2310 adduceret.

259 2344 297 2404 lli
317 2354 414 2405 autem
434 2346 559 2424 epistula
580 2345 616 2404 ad
636 2345 860 2406 Constantinum
884 2344 948 2404 data
969 2363 1051 2404 suam
1073 2345 1236 2405 doctrinam
1256 2347 1441 2424 explicantes

261 2443 474 2504 damnaverunt
494 2443 597 2521 dogma
618 2442 736 2502 concilii
751 2442 1009 2519 Chalcedonensis,
1030 2441 1108 2520 quod
1129 2461 1160 2500 se
1180 2450 1355 2520 accepturos
1371 2462 1440 2503 esse

259 2535 477 2623 negaverunt.³)
520 2541 621 2618 ltaque
642 2559 700 2598 non
722 2539 842 2599 dubium
866 2540 938 2599 mihi
958 2540 1083 2616 videtur,
1107 2541 1179 2618 quin
1199 2541 1331 2600 Armenii
1347 2540 1441 2601 Grae--

260 2641 302 2698 cis
330 2657 509 2716 magnopere
542 2641 750 2714 irascerentur,
780 2637 858 2716 quod
882 2638 913 2696 hi
938 2640 1036 2697 eonati
1060 2645 1129 2697 sunt
1151 2637 1217 2696 illos
1242 2637 1277 2698 de
1301 2657 1354 2697 sua
1379 2639 1440 2698 fide

260 2736 416 2796 detrahere
441 2745 471 2796 et
494 2736 530 2796 ad
550 2735 821 2795 Chalcedonensem
841 2743 1023 2794 convertere.
1061 2734 1145 2795 Haud
1166 2737 1227 2795 scio
1248 2755 1283 2795 an
1303 2737 1439 2796 Armenii

258 2836 427 2912 putaverint
455 2853 500 2910 se,
529 2836 553 2891 si
578 2835 704 2911 imperio
733 2833 861 2892 Arabum
890 2851 921 2892 se
946 2833 1156 2910 subiecissent,
1187 2833 1327 2893 liberiore
1353 2853 1440 2894 exer-

259 2933 399 2990 citatione
425 2931 493 2991 fidei
517 2934 560 2990 uti
585 2949 679 3009 posse.

348 3029 457 3089 Milites
482 3029 595 3106 Graeci,
620 3031 671 3106 qui
695 3031 725 3086 in
745 3029 883 3088 Armenia
908 3032 1011 3089 stativa
1035 3029 1192 3107 habebant,
1217 3033 1441 3114 imperatorem.

257 3133 297 3208 ut
311 3127 421 3186 Scheos
446 3128 545 3204 rel'ert,
571 3126 606 3186 de
626 3127 834 3186 Armeniorum
858 3128 1025 3204 proditione
1046 3130 1203 3187 certiorem
1226 3129 1362 3188 lecerunt
1386 3147 1439 3187 eos-

259 3227 388 3302 graviter
421 3228 604 3302 incusantes,
638 3224 715 3302 quod
750 3243 851 3284 eorum
885 3225 970 3303 culpa
1003 3227 1112 3285 lactum
1146 3235 1237 3304 esset,
1270 3234 1303 3285 ut
1334 3228 1437 3304 copiae

258 3321 387 3382 Graecae
419 3331 519 3383 contra
552 3324 700 3399 Agarenos
731 3331 896 3400 pugnantes
926 3326 1130 3404 vincerentur3
1165 3326 1274 3384 etenim
1307 3343 1372 3384 rum
1405 3327 1435 3383 in

257 3420 456 3498 Atropatenen
488 3414 683 3503 (Aderbigan)
714 3421 902 3480 incurrentes
936 3440 1003 3480 snas
1034 3424 1112 3481 vires
1144 3424 1173 3481 in
1204 3421 1306 3500 plures
1337 3430 1436 3500 partes

258 3517 437 3594 divisissent,
462 3519 616 3578 Armenios
641 3517 738 3578 subito
763 3518 862 3577 hostes
887 3519 1054 3597 adduxisse,
1077 3529 1112 3580 ut
1131 3519 1235 3579 Graeci
1260 3537 1435 3598 superaren-
1459 3573 1462 3580 t

257 3623 306 3676 tur
329 3615 474 3694 bonisque
499 3616 636 3676 omnibus
660 3618 856 3694 privarentur.
904 3617 998 3695 Atque
1018 3618 1225 3695 flagitaverunt
1248 3617 1283 3676 ab
1308 3620 1436 3696 impera·

256 3721 330 3792 tore,
353 3722 387 3773 ut
411 3734 426 3773 3
449 3713 652 3792 proditoribus
680 3731 791 3792 poenas
823 3722 980 3792 repeteret.
1028 3715 1086 3774 Sed
1110 3713 1329 3794 Constantinus
1354 3723 1439 3775 ante-

257 3830 345 3889 quam
365 3813 513 3871 Armeniis
532 3811 643 3871 bellum
664 3811 772 3890 intulit,
795 3810 872 3871 bona
893 3832 959 3872 cum
979 3815 1072 3891 gratia
1092 3831 1143 3872 eos
1163 3813 1220 3872 sibi
1240 3814 1435 3873 reconciliare

200 3935 203 3946 ·
257 3917 379 3968 conatus
398 3912 561 3988 proposuit,
585 3918 618 3969 ut
636 3910 769 3968 Armenii
789 3910 923 3969 seditiosi
943 3911 1201 3990 Theodosiopolim
1222 3904 1351 3994 (llarin),
1376 3930 1435 3989 quo

328 4084 330 4090 ’
347 4091 372 4158 1)
393 4088 432 4143 cf.
453 4090 585 4158 Krfiger
608 4089 637 4142 in
657 4090 780 4158 Herzogs
801 4089 977 4156 Realencyel.
997 4089 1016 4142 f.
1036 4092 1108 4158 prot.
1129 4090 1223 4144 Theol.
1243 4108 1270 4144 u.
1290 4089 1393 4142 Kirche
1413 4108 1434 4144 a.

255 4187 279 4221 v.
300 4168 570 4224 Monoihelebismns.

346 4252 372 4318 2)
393 4248 432 4302 cf.
452 4249 696 4304 Hiibsohmann
715 4251 733 4304 l.
754 4269 776 4306 c.
797 4271 824 4320 p,
844 4256 877 4303 ‘ll
894 4251 956 4302 adn.
974 4255 997 4302 3.
1016 4268 1044 4318 p.
1065 4256 1099 4302 34
1114 4251 1177 4304 adn.
1196 4258 1218 4305 1.

345 4335 372 4400 3)
392 4328 431 4382 cf.
451 4330 778 4397 Ter-Minassiantz,
798 4332 850 4384 Die
870 4330 1043 4384 armenische
1058 4330 1161 4384 Kirche
1181 4331 1210 4382 in
1225 4332 1304 4384 ihren
1320 4331 1437 4384 Berich-

255 4425 348 4478 ungen
368 4427 401 4462 zu
421 4410 475 4463 den
494 4409 638 4478 syrischen
658 4411 786 4464 Kirchen.
825 4411 899 4478 Lips.
922 4416 990 4464 1904
1009 4429 1036 4478 p.
1057 4417 1098 4465 62.
