3304 5098
772 343 992 408 -48-

290 527 394 587 elucet.
440 526 495 585 llic
519 527 599 586 enim
618 523 700 604 „cciv
719 519 757 586 ἐν
778 524 912 586 Φοίνικι
930 526 1074 605 παντελῆ
1094 531 1154 586 τοῦ
1170 519 1350 605 Ῥωμαϊκοῦ
1370 541 1468 607 στρα-

288 629 348 686 τοῦ
379 644 413 684 τε
441 619 495 685 καὶ
524 624 645 685 στόλου
674 619 861 684 ἀπώλειαν(
890 640 984 702 aeque
1009 622 1089 684 dolet
1112 630 1199 702 atque
1224 623 1338 685 cladem
1361 623 1466 685 Hiero·

289 741 458 783 macenscm
488 729 517 782 et
544 723 712 801 provincias
740 721 950 799 Palaestinam,
979 720 1107 800 Syriam,
1136 723 1300 801 Aegyptum
1323 721 1466 801 perditas.

378 819 562 900 Quamquam
591 819 732 879 Saraceni
763 821 921 879 maximam
951 821 1106 879 victoriam
1137 838 1153 879 a
1181 819 1301 881 Graecis
1332 829 1466 900 reporta-

288 926 407 996 verunt,
437 927 535 978 tamen
564 919 664 978 hostes
693 920 738 976 via
766 919 915 977 maritima
946 917 981 977 ad
1006 917 1292 996 Constantinopolim
1320 921 1466 998 patefacta

288 1035 348 1076 nou
371 1018 521 1096 persecuti
544 1023 622 1094 sunt,
646 1014 698 1076 sed
717 1015 843 1075 classem
863 1015 983 1075 domum
1003 1010 1223 1100 reduxerunt.¹)
1265 1016 1361 1095 Atque
1385 1019 1466 1076 coni·

288 1117 349 1174 rias
372 1113 586 1175 Abulatharum
613 1122 770 1192 propterea
799 1131 858 1172 non
886 1113 1003 1191 longius
1030 1115 1226 1192 processisse,
1255 1113 1334 1192 quod
1362 1117 1465 1193 copiae

288 1219 457 1290 terrestres,
481 1211 590 1290 quibus
610 1211 703 1271 Maria
722 1220 867 1290 praeerat,
888 1229 955 1270 cum
976 1210 1097 1271 Graecis
1116 1220 1281 1290 pugnantes
1300 1213 1375 1272 nihil
1395 1213 1464 1274 elfe-

289 1313 365 1370 cisse
388 1309 536 1371 videntur.
583 1309 676 1370 Sedes
704 1308 775 1369 belli
803 1311 957 1369 terrestris
981 1309 1165 1388 Cappadocia
1194 1310 1286 1370 fuisse
1313 1305 1464 1394 diciturl),

288 1427 347 1486 quo
372 1407 407 1467 de
431 1407 508 1467 bello
528 1407 723 1486 Theophanes
748 1406 823 1467 nihil
841 1406 921 1467 aliud
944 1406 1044 1486 prodit
1067 1409 1126 1466 nisi
1145 1407 1269 1467 Maviam
1289 1408 1465 1469 Caesaream

287 1506 393 1566 urbem
418 1525 591 1584 aggressum
615 1524 690 1566 esse.
737 1505 824 1565 Solus
847 1505 906 1565 Bar
924 1504 1077 1566 Hebraeus
1101 1507 1269 1566 accuratius
1294 1505 1329 1566 de
1352 1507 1408 1566 hac
1431 1525 1464 1566 re

289 1597 386 1687 egit.³)
441 1603 505 1674 Quo
537 1612 657 1663 auctore
689 1602 832 1663 Caesarea
863 1603 899 1662 ab
929 1604 1072 1681 Agarenis
1103 1605 1232 1682 primum
1263 1622 1369 1664 novem
1401 1603 1465 1664 dies

288 1711 455 1781 oppugnata
483 1709 536 1762 est.
584 1700 657 1762 Cum
687 1709 784 1761 autern
812 1701 914 1761 hostes
942 1700 1047 1761 urbem
1077 1719 1183 1780 capere
1206 1719 1265 1761 non
1288 1703 1464 1780 potuissent,

288 1802 393 1860 castris
421 1801 510 1860 motis
538 1807 629 1860 totam
658 1801 810 1876 regionem
840 1799 1036 1878 diripuerunt.
1094 1798 1152 1858 Sed
1179 1799 1263 1858 brevi
1291 1808 1357 1878 post
1385 1799 1463 1860 redi·

288 1906 376 1958 erunt
399 1897 564 1976 urbemque
588 1899 697 1958 iterum
721 1896 876 1956 obsidione
900 1896 1079 1957 clauserunt.
1125 1897 1222 1975 Atque
1247 1905 1319 1957 tunc
1343 1896 1463 1976 quidem

288 1995 503 2056 Caesarcenses
522 1997 616 2074 portis
636 1996 790 2074 patefactis
809 1997 978 2074 pactionem
997 2014 1065 2054 cum
1086 1993 1222 2055 hostibus
1241 1997 1381 2074 inierunt,
1405 2014 1464 2074 qua

287 2093 334 2154 his
356 2093 502 2155 tributum
526 2093 699 2154 solvendum
728 2102 798 2154 erat.
847 2092 878 2152 Si
902 2092 960 2152 bar
982 2091 1134 2152 Hebraeus
1164 2100 1244 2153 recte
1268 2093 1368 2172 prodit
1391 2093 1462 2154 Cae·

287 2210 444 2252 sarcenses
468 2211 500 2251 sc
525 2191 674 2252 dedidisse
697 2199 868 2270 propterea,
897 2189 975 2269 quod
998 2190 1113 2251 nullum
1137 2190 1280 2250 auxilium
1305 2194 1463 2270 appropin-

289 2308 380 2368 quare
404 2289 557 2368 vidissent,
582 2291 711 2349 conicias
734 2288 839 2348 urbem
859 2290 945 2348 initio
964 2287 1035 2348 belli
1054 2296 1170 2367 captam
1190 2307 1264 2366 esse,
1288 2291 1463 2368 priusquam

288 2389 389 2466 copiae
414 2387 544 2447 Graecae
573 2389 603 2447 in
628 2387 841 2466 Cappadociam
870 2404 1045 2466 progressae
1075 2395 1184 2446 essent.
1234 2386 1339 2447 Postea
1364 2395 1462 2447 autem

288 2485 408 2562 Arabes,
431 2494 465 2545 ut
485 2485 596 2546 Sebeos
621 2487 721 2564 refert,
746 2484 855 2544 devicti
874 2485 1021 2562 fugientes
1040 2484 1211 2544 Armeniam
1231 2492 1366 2562 quartam
1391 2485 1461 2545 diri·

285 2590 423 2663 puerunt.

376 2681 434 2741 Bar
456 2676 641 2765 llebraeus4)
667 2689 696 2741 et
719 2679 844 2740 Michael
868 2673 991 2763 Syrus⁵)
1023 2683 1213 2740 consentiunt
1236 2679 1462 2741 Constantinum

287 2788 354 2858 post
385 2779 499 2839 cladem
530 2779 606 2858 apud
636 2779 815 2840 Phoenicem
849 2787 999 2857 acceptam
1029 2778 1244 2856 Ptolemaeum,
1279 2779 1462 2856 praefectum

286 2877 427 2956 militum,
459 2877 495 2937 ad
518 2877 642 2937 blaviam
671 2879 804 2955 misisse,
832 2884 866 2936 ut
892 2895 996 2954 pacem
1024 2883 1141 2954 peteret
1164 2867 1199 2936 'et
1223 2875 1369 2936 tributum
1393 2895 1461 2955 pro·

286 2977 431 3054 mitteret,
470 2995 537 3036 cum
575 2977 737 3054 imperator
774 2978 907 3051 timeret,
955 2993 993 3034 ne
1030 2973 1142 3034 Arabes
1175 2973 1462 3053 Constantinopolim

377 3176 402 3242 1)
422 3173 526 3228 Tebari
546 3173 621 3243 apud
635 3173 725 3227 Weil
742 3173 756 3226 I
774 3191 801 3241 p.
819 3179 870 3227 162
886 3173 950 3226 adn.
967 3179 990 3225 2,
1029 3171 1132 3226 Sebeos
1147 3171 1262 3238 quidem
1276 3171 1352 3225 solus
1366 3175 1463 3226 narrat

285 3252 391 3306 Arabes
410 3253 528 3306 navibus
547 3271 636 3321 usque
660 3255 695 3306 ad
723 3251 928 3307 Chalcedonem
950 3253 1074 3318 venisse,
1098 3253 1148 3306 sed
1171 3251 1331 3305 vehementi
1354 3255 1461 3320 tempe-

286 3336 359 3386 state
376 3335 465 3386 totam
481 3333 599 3388 classem
614 3333 736 3387 deletam
751 3350 819 3388 esse.
852 3333 930 3386 Haec
945 3335 1040 3386 antem
1056 3332 1180 3386 narratio
1195 3331 1377 3390 fabellaesse
1391 3332 1461 3385 mihi
1555 3354 1558 3360 ¹

285 3413 408 3478 videtur,
433 3431 496 3466 cum
519 3431 610 3482 neque
630 3413 730 3468 Graeci
753 3430 844 3482 neque
862 3412 977 3466 Arabici
1001 3413 1150 3480 scriptores
1174 3412 1233 3466 ullo
1256 3411 1318 3466 loco
1339 3413 1463 3481 prodant

286 3492 404 3547 classem
422 3495 572 3548 Arabicam
597 3495 650 3548 hoc
669 3497 796 3562 tempore
820 3509 908 3561 usque
928 3493 965 3546 ad
984 3491 1189 3546 Chalcedonam
1207 3495 1367 3561 provectam
1387 3509 1460 3546 esse:

286 3574 321 3627 cf.
341 3591 413 3642 quac
432 3577 516 3628 antea
535 3575 571 3629 de
589 3575 643 3628 hoc
662 3573 744 3628 Sebei
762 3573 824 3627 loco
844 3573 910 3626 dixi.

376 3656 402 3722 2)
422 3653 525 3708 Sebeoe
545 3671 605 3723 cap.
626 3660 659 3707 36
679 3672 707 3722 p.
724 3660 782 3708 142.

375 3737 402 3804 3)
421 3735 477 3788 Bar
491 3734 619 3789 Hebraeo
638 3734 747 3804 testati
771 3751 792 3788 c.
808 3753 835 3803 p.
853 3737 913 3804 110)
928 3733 1031 3800 Maria,
1045 3735 1210 3802 priusquam
1226 3732 1338 3788 Graecis
1353 3731 1460 3786 bellum

285 3813 396 3881 intulit,
422 3815 574 3868 exercitum
599 3815 629 3868 in
655 3815 725 3868 duas
751 3817 846 3883 partes
873 3814 981 3878 divisit,
1007 3829 1127 3881 quarum
1150 3813 1461 3868 altera-Habiboduce

285 3895 378 3949 hieme
397 3896 427 3948 in
442 3896 605 3949 Armeniam
624 3895 728 3950 invasit
745 3895 821 3948 unde
840 3895 965 3962 „Arabes
979 3894 1140 3948 hominibus
1158 3894 1189 3947 in
1203 3893 1397 3963 captivitatem
1412 3893 1462 3946 ab·

286 3976 391 4042 ductis,
419 3977 508 4030 caesis
534 3976 613 4043 viris,
639 3975 756 4029 urbibus
782 3976 904 4029 incensis
929 3973 1081 4028 redierunt.
1123 3973 1203 4027 Alter
1226 3974 1363 4028 exercitus
1390 3973 1461 4027 duce

285 4055 379 4110 Mavia
397 4056 534 4110 tendebat
553 4054 718 4110 Caesaream
738 4053 960 4124 Cappadociae.“
1003 4053 1062 4118 Quo
1081 4049 1207 4124 tempore
1226 4053 1280 4106 hae
1299 4069 1343 4106 res
1362 4056 1460 4123 gestae

285 4135 351 4200 sint,
371 4136 427 4189 Bar
441 4137 586 4192 Hebraeus
605 4153 661 4190 non
680 4136 773 4190 refert.
815 4136 896 4189 Hanc
915 4138 1009 4188 autem
1022 4135 1213 4189 narrationem
1228 4134 1264 4185 ad
1280 4149 1384 4186 annum
1399 4139 1460 4200 656,

285 4232 369 4284 quem
383 4217 467 4270 modo
482 4219 646 4284 tractamus,
664 4217 840 4272 referendam
855 4233 914 4270 essa
930 4230 1037 4268 censeo.
1070 4214 1183 4268 Etenim
1198 4231 1254 4268 non
1269 4215 1377 4283 dubito,
1392 4213 1461 4280 quin

285 4301 384 4349 auctor
403 4298 437 4350 de
457 4313 490 4352 ea
508 4298 653 4352 invasione
668 4297 773 4350 Habibi
793 4298 868 4367 agat,
888 4310 961 4363 quae
981 4311 1054 4349 anno
1074 4301 1139 4362 655,
1165 4297 1195 4348 ut
1208 4293 1294 4362 paulo
1310 4296 1376 4348 ante
1391 4293 1461 4346 vidi-

285 4393 355 4442 mus,
376 4376 452 4430 facta
471 4381 520 4432 est.

373 4459 400 4526 4)
420 4457 449 4510 L.
470 4475 492 4512 c.
512 4477 539 4528 p.
556 4465 614 4514 112.
725 4461 750 4527 ὅ)
771 4458 799 4510 L.
820 4474 841 4510 c.
862 4475 888 4525 p.
905 4461 964 4509 240.
