3304 5098
771 319 991 382 ..gg-

294 509 498 579 exorerentur,
512 508 612 580 partes
628 499 837 561 ditbeletarnm
852 509 972 562 secutus
988 500 1092 580 dogma
1103 501 1340 564 adversariorum
1351 506 1472 584 scriptis

294 598 489 678 epistolisque
522 601 695 678 impugnare
725 601 831 678 coepit.
882 597 1008 659 Maximo
1028 603 1196 680 'praecipue
1224 609 1344 662 auctore
1373 602 1472 663 Africa

293 699 446 774 provincia
465 696 552 758 sedes
571 696 807 757 adversariorum
823 695 974 756 doctrinae
988 698 1242 774 monotheleticae‚
1262 701 1313 779 qni
1328 699 1474 779 Gregorio

293 796 418 872 patricio
443 795 557 856 fautore
580 793 721 855 benevolo
745 797 793 855 usi
817 802 894 873 sunt,
917 795 994 855 facta
1017 803 1070 856 est.
1117 795 1162 856 lbi
1186 796 1321 858 abbatem
1344 797 1471 876 Pyrrum

295 891 493 972 disputatione
525 893 601 954 facta
633 893 790 954 haereseos
823 895 987 953 convicisse
1020 901 1049 954 et
1082 893 1118 954 ad
1152 894 1351 956 ditbefcticam
1382 895 1471 957 tidem

294 989 452 1052 adduxisse
475 999 560 1052 antea
580 993 638 1050 iam
658 989 794 1052 vidimus.
831 990 958 1051 Maximo
977 1000 1116 1053 monente
1135 1011 1211 1052 anno
1232 989 1297 1054 646
1316 993 1472 1054 Africanae

295 1088 399 1168 synodi
423 1097 616 1168 congregatae
642 1096 719 1167 sunt,
743 1107 818 1168 qnae
841 1107 947 1168 papam
965 1087 1130 1150 Romanum
1154 1090 1190 1150 ad
1209 1091 1347 1152 haeresin
1372 1093 1474 1170 oppri-

294 1185 431 1248 mendam
460 1187 697 1248 adhortarentur.
743 1186 807 1247 Una
831 1206 898 1246 cnm
921 1187 1014 1266 Pyrro
1038 1186 1127 1248 abbas
1150 1187 1273 1248 Romam
1296 1191 1390 1267 venit,
1418 1188 1472 1249 ubi

293 1287 427 1363 perrexit
451 1284 588 1346 omnibus
607 1284 720 1345 viribus
740 1285 924 1346 adversarios
944 1287 1128 1363 impugnare.
1166 1284 1239 1345 Cum
1260 1285 1475 1348 Constantinus

294 1382 446 1462 exemplar
463 1385 526 1462 typi
540 1382 662 1444 Romam
682 1385 823 1460 misisset,
843 1402 900 1461 qua
919 1385 1073 1443 occasione
1089 1383 1153 1443 data
1169 1383 1338 1463 Gregorius,
1358 1385 1474 1462 legatus

293 1482 492 1560 imperatoris,
515 1481 676 1542 Maximum
700 1480 772 1540 adiit
796 1489 825 1541 et
846 1499 914 1541 cum
934 1499 967 1541 eo
989 1480 1024 1542 de
1044 1480 1101 1541 tide
1121 1481 1283 1542 collocutus
1303 1491 1357 1560 est,
1382 1482 1472 1543 abbas

294 1580 413 1655 negavit
431 1581 619 1658 imperatoris
638 1597 704 1638 esse
725 1578 760 1638 de
781 1578 966 1657 dogmatibus
986 1597 1139 1657 quaerere.
1147 1573 1172 1662 ¹)
1210 1579 1336 1640 Maximo
1351 1580 1471 1659 quidem

293 1684 413 1737 auctore
428 1676 573 1738 Martinus
592 1696 667 1756 papa
686 1677 845 1737 concilium
864 1676 1063 1738 Lateranense
1083 1695 1160 1736 anno
1180 1673 1245 1737 649
1265 1681 1473 1739 convocarisse

294 1773 412 1853 dicitur,
435 1783 469 1835 ut
491 1774 751 1836 monotheleticum
778 1775 882 1854 dogma
906 1783 935 1836 et
958 1784 1060 1854 typum
1085 1774 1244 1836 damnaret.

383 1872 485 1952 ltaque
505 1872 729 1934 Constantinum
753 1873 823 1933 hnic
847 1872 1015 1934 adversario
1039 1875 1183 1932 acerrimo
1201 1875 1403 1952 maximopere
1427 1876 1474 1934 in-

293 1971 410 2032 fensum
436 1989 502 2031 esse
526 1980 663 2052 apparet,
687 1990 744 2050 qua
768 1990 800 2031 re
824 1970 934 2030 Romae
959 1973 1047 2030 etiam
1066 1970 1225 2031 Maximum
1250 1973 1373 2050 eiusque
1397 1971 1474 2032 dnos

294 2068 463 2148 discipulos,
482 2070 651 2130 Anastasios
671 2071 799 2146 nomine,
823 2087 949 2148 quorum
970 2068 1044 2128 alter
1062 2069 1233 2148 monachus,
1256 2069 1330 2129 alter
1349 2088 1473 2148 respon·

294 2167 364 2228 50115
388 2167 452 2244 fuit,
476 2165 770 2245 comprehendendos
790 2175 819 2226 01
838 2166 1121 2245 Constantinopolim
1142 2167 1331 2228 adducendos
1350 2169 1473 2246 curavit,

292 2264 345 2326 nbi
374 2284 425 2325 eos
449 2266 480 2324 in
503 2267 550 2324 ius
574 2267 671 2324 vocari
695 2264 796 2324 voluit.
842 2265 953 2325 Auctor
975 2267 1052 2324 vitae
1075 2264 1195 2324 Maximi
1219 2265 1312 2325 refert
1335 2265 1472 2326 abbatem

292 2381 351 2424 una
380 2381 447 2423 cum
476 2362 602 2422 Martino
629 2381 703 2440 papa
732 2363 914 2441 prehensum
942 2381 1022 2444 esse3
1056 2362 1108 2423 sed
1138 2362 1173 2422 de
1196 2363 1286 2423 1111115
1309 2365 1473 2424 memoriae

293 2459 351 2520 fxde
386 2459 515 2520 dubitari
547 2479 634 2538 posse
666 2459 740 2520 mibi
772 2459 902 2540 videtur,
936 2479 1004 2521 cnm
1037 2479 1134 2540 neque
1162 2461 1306 2521 Martinus
1335 2461 1473 2540 epistulis

293 2577 390 2637 neque
420 2566 522 2618 auctor
549 2557 883 2636 „commemorationis“,
913 2577 980 2618 cum
1010 2557 1045 2618 de
1075 2561 1209 2637 captione
1240 2567 1269 2619 01
1296 2561 1472 2622 traiectione

293 2659 324 2716 in
349 2655 502 2717 Graeciam
526 2656 601 2716 facta
624 2664 722 2734 agunt,
746 2656 835 2716 ullam
859 2656 977 2717 Maximi
1000 2659 1182 2717 mentionem
1206 2657 1323 2716 faciant.

383 2753 456 2814 Cum
480 2753 703 2832 ConstantinnS,
731 2763 887 2833 postquam
910 2754 1068 2814 Martinnm
1097 2757 1127 2814 in
1151 2757 1198 2814 ius
1221 2757 1345 2826 vocavit,
1375 2754 1471 2815 solum

293 2852 349 2912 hcc
380 2859 540 2931 spectaret,
572 2859 606 2911 nt
632 2871 708 2930 papa
737 2861 891 2912 contumax
920 2853 1084 2931 praefracte
1112 2855 1282 2931 puniretur,
1311 2852 1471 2914 Maximum

293 2953 389 3029 primo
409 2967 468 3010 non
486 2956 547 3009 tam
566 2951 670 3028 poenis
690 2950 809 3010 afficere
829 2969 917 3028 quam
940 2953 1039 3029 potius
1063 2950 1120 3010 sibi
1139 2950 1332 3010 reconciliare
1348 2950 1470 3012 studuit.

293 3046 367 3108 Nam
391 3050 564 3126 respiciens,
588 3056 697 3127 quanta
720 3047 817 3108 abbati
841 3051 999 3112 auctoritas
1023 3048 1058 3107 ab
1082 3048 1220 3109 omnibus
1245 3048 1394 3109 ditbefctis
1417 3050 1472 3109 tri·

292 3137 449 3224 1110101111,
478 3164 598 3224 sperare
622 3147 718 3224 potuit
741 3148 830 3206 etiam
854 3145 997 3225 reliquos,
1026 3149 1077 3224 qui
1098 3145 1170 3206 duas
1193 3146 1358 3207 voluntates
1381 3149 1472 3226 proti·

293 3251 443 3322 terantur,
472 3246 497 3303 si
526 3243 683 3303 Maximum
713 3263 780 3304 cum
810 3244 935 3328 ecclesia
963 3243 1285 3322 Constantinopolitana
1312 3244 1470 3305 facientem

292 3341 450 3420 vidissent,
484 3340 651 3419 exemplum
684 3343 829 3421 principis
861 3350 1025 3402 certaturos
1058 3361 1124 3402 esse
1158 3344 1213 3420 sie,
1247 3351 1280 3402 ut
1313 3342 1471 3402 discordiis

296 3439 466 3518 dogmatum
495 3439 619 3500 sublatis
646 3447 725 3500 totus
748 3439 875 3519 populus
900 3439 1086 3500 Christianus
1109 3442 1253 3500 uniretur.
1300 3440 1402 3519 ltaque
1426 3442 1472 3500 in·

384 3710 409 3776 1)
429 3707 468 3762 Cf.
484 3708 679 3774 „Relationem
693 3709 825 3763 motionis
839 3709 931 3763 fectae
946 3710 1020 3762 inter
1029 3709 1162 3763 domnum
1172 3709 1305 3762 abbatem
1315 3708 1471 3762 Maximum

293 3792 322 3844 01
341 3789 448 3844 socium
468 3789 528 3843 eius
552 3791 637 3856 atque
655 3790 798 3858 principer
817 3790 847 3842 in
866 3790 1042 3855 secretario“,
1067 3806 1152 3857 quem
1170 3790 1337 3843 Anastasius
1355 3805 1470 3858 respon-

293 3870 361 3924 salis
377 3869 541 3938 composuit.
571 3868 697 3938 Migne,
712 3869 786 3923 Patr.
802 3886 911 3938 graeca.
927 3874 961 3923 90
979 3875 1152 3938 p,110sqq.:
1173 3870 1230 3923 Καὶ
1245 3865 1325 3932 εἶπας
1339 3872 1386 3940 (sc.
1403 3869 1472 3924 Gre-

293 3951 410 4020 goriue):
433 3947 467 4003 Τί
482 3946 545 4016 οὖν,
568 3950 619 4004 οὐκ
639 3951 695 4004 ἔστι
713 3959 769 4012 πᾶς
788 3951 916 4021 βασιλεὺς
934 3950 1103 4017 Χριστιανὸς
1120 3951 1168 4004 καί
1187 3949 1289 4017 ίερειίς;
1315 3951 1372 4003 Καὶ
1391 3945 1471 4006 εἶπεν

294 4023 487 4100 (0011101111.)
508 4030 568 4084 0611
588 4029 669 4085 ἔστιν.
703 4029 770 4084 οὐδὲ
788 4030 841 4101 γὰρ
860 4027 1029 4098 παρίσταται
1042 4028 1242 4102 θυσιαστηρίῳ,
1262 4031 1310 4084 καλ
1329 4029 1397 4098 μετὰ
1419 4031 1472 4085 τὸν

294 4109 432 4180 ἄγιασμὸυ
450 4119 500 4165 τοῦ
515 4109 601 4178 ἄρτου
616 4111 687 4179 debet
700 4111 796 4178 αὐτὸν,
815 4109 913 4181 λέγων·
936 4108 978 4163 Τὰ
997 4109 1064 4179 ἅγια
1078 4117 1136 4170 τοῖς
1150 4107 1248 4179 ἁγίοις.
1285 4109 1357 4164 0610
1371 4107 1470 4182 βαπτί-

293 4194 345 4257 ζει,
371 4189 434 4246 οὔτε
460 4191 550 4260 μύρου
568 4191 678 4259 τελετὴν
702 4191 832 4258 ἐπιτελεῖ,
855 4190 918 4244 odra
942 4193 1110 4262 precederet,
1134 4191 1182 4243 καὶ
1205 4198 1282 4244 ποιεῖ
1300 4187 1473 4252 ἐπισκόπους

294 4271 342 4324 καλ
360 4269 563 4342 πρεσβυτέρους
581 4271 629 4324 καὶ
648 4268 811 4333 διακόνους·
837 4271 900 4326 odire
923 4267 994 4340 χρίει
1017 4271 1116 4336 ναοὺς,
1141 4269 1204 4324 οὔτε
1225 4271 1259 4324 τὰ
1280 4269 1403 4342 σύμβολα
1421 4279 1472 4339 τῆς

293 4350 445 4420 ἱερωσύνης
464 4349 634 4420 ἐπιφέρεται,
653 4349 813 4420 ὠμοφόριου
833 4350 926 4405 καὶτὸ
946 4349 1126 4420 Εὐαγγέλιου,
1148 4347 1239 4417 ὥσπερ
1256 4357 1305 4420 τῆς
1319 4347 1470 4422 βασιλείας,

293 4429 390 4486 τόντε
410 4429 549 4501 στέφανον
569 4431 617 4484 καὶ
635 4431 686 4500 τὴν
705 4430 858 4502 ἁλουργίδα
878 4431 905 4501 (l.
926 4447 949 4485 c,
968 4450 994 4500 p.
1012 4433 1091 4499 111).
