3304 5098
778 423 820 430 -.
868 377 1000 450 86·-

301 569 380 628 visse
411 566 563 645 audimus,
596 566 704 646 quibus
732 565 941 627 Alexandriam
974 567 1099 646 aggredi
1128 561 1295 650 voluerit.¹)
1348 567 1401 626 Sin
1428 585 1483 626 ver

300 666 465 744 imperator
493 671 574 725 tanta
601 664 721 725 molitus
750 673 807 742 est,
835 664 971 725 homiues
1000 673 1030 725 et
1056 667 1198 745 pecunias
1227 683 1315 744 quam
1338 667 1481 726 maximas

299 764 328 822 ei
357 781 432 842 opus
456 763 549 822 luisse
572 764 604 822 in
627 771 766 842 promptu
791 769 844 823 est.
885 762 992 823 Dubito
1016 783 1088 824 num
1113 763 1429 842 Constantinopolitani
1452 765 1482 822 ei

302 859 434 920 subsidia
453 860 584 921 tulerint.
622 858 695 920 Nam
715 859 781 920 illos
800 862 989 939 imperatoris
1008 861 1131 922 consilia
1149 861 1324 940 reprobasse
1342 860 1480 938 vidimus,

300 976 367 1018 cum
392 960 456 1018 eius
481 965 620 1036 cognatos
644 957 897 1037 Constantinopoli
925 961 1096 1021 retinerent.
1142 959 1245 1039 ltaque
1269 958 1382 1038 Sicilia,
1413 959 1479 1019 Sar-

299 1055 392 1134 dinia,
424 1055 569 1134 Calabria,
604 1056 701 1116 Africa
733 1057 903 1134 provinciae
935 1059 1099 1136 impensas,
1132 1075 1206 1136 quae
1239 1056 1316 1118 bello
1350 1057 1480 1135 gerendo

299 1153 422 1232 fiebant,
449 1162 601 1233 praestare
626 1162 655 1214 et
677 1173 767 1215 naves
790 1153 960 1233 militesque
985 1155 1125 1216 exhibere
1149 1157 1244 1216 coacti
1268 1162 1345 1216 sunt.
1383 1153 1480 1225 Quan-

300 1259 403 1330 topere
428 1251 541 1312 incolae
564 1251 682 1312 illarum
706 1254 862 1330 regionum
881 1251 1001 1312 tributis
1023 1260 1053 1312 et
1072 1251 1230 1313 dilectibus
1249 1251 1365 1312 acerbis
1384 1255 1480 1313 vexati

299 1352 373 1428 sint,
411 1369 446 1410 ex
479 1350 601 1429 querela
633 1351 874 1429 contemporanei
906 1352 1007 1410 nescio
1045 1352 1130 1410 cuins
1162 1352 1361 1411 maestissima
1392 1349 1479 1429 plane

300 1447 405 1508 elucet.
447 1447 634 1508 Exhibentnr
653 1450 733 1508 enim
752 1448 825 1508 haec
843 1446 945 1508 verba:
969 1440 1276 1533 „(imperator)‚tales
1295 1449 1482 1526 afflictiones

292 1550 400 1622 posuit
424 1549 540 1623 populo
572 1563 625 1606 scu
660 1548 886 1608 habitatoribus
919 1551 966 1607 rel
989 1550 1217 1622 possessoribus
1242 1551 1479 1624 prouinciarum

303 1644 476 1719 Calabriae,
501 1645 636 1721 Siciliae,
655 1644 787 1721 Africae
806 1648 854 1706 ael
872 1646 1040 1705 Sardiniae
1052 1663 1114 1721 per
1133 1645 1282 1721 diaprafa
1300 1663 1355 1705 seu
1375 1649 1479 1721 capita

220 1821 222 1824 Ι
301 1749 392 1816 atque
416 1745 628 1802 nauticatione
644 1760 707 1818 per
732 1760 829 1802 annos
844 1745 1005 1820 plurimos,
1029 1746 1135 1818 quales
1158 1745 1298 1802 aseculo
1316 1759 1480 1816 numquam

296 1839 436 1915 suerunt,
456 1846 490 1899 nt
509 1843 600 1900 etiam
619 1857 734 1902 uxores
754 1859 773 1900 a
791 1845 918 1901 maritos
936 1844 984 1900 cel
997 1843 1079 1914 lilios
1094 1859 1113 1900 a
1125 1848 1277 1918 parentes
1289 1849 1480 1916 separarent.
1503 1893 1507 1898 .

299 1938 339 1997 Et
367 1941 431 1998 alia
458 1940 555 1998 multa
583 1940 727 1998 inaudita
748 1942 890 2014 perpessi
915 1946 998 2016 suut,
1031 1946 1065 1998 ut
1093 1943 1190 1999 alicui
1216 1957 1283 2014 spes
1310 1941 1391 1998 citae
1418 1955 1478 1998 noa

299 2042 480 2096 remaneret.
519 2035 582 2096 Sed
603 2043 633 2096 et
655 2053 730 2096 rasa
753 2043 880 2096 sacrata
903 2039 951 2096 cel
973 2040 1089 2096 cimilia
1111 2046 1291 2096 sanctarum
1315 2037 1366 2096 elei
1384 2039 1480 2096 eccle-

298 2138 416 2194 siarum
440 2135 634 2194 abstollentes
657 2136 735 2194 aibil
758 2127 1003 2216 demiseruat“.²)

388 2231 431 2290 Ex
464 2230 514 2290 illo
546 2237 694 2310 tempore,
727 2250 785 2310 qno
819 2230 1029 2291 Constantinus
1061 2233 1093 2290 in
1126 2230 1226 2291 Sicilia
1254 2237 1388 2291 versatus
1416 2241 1480 2290 esto

302 2329 430 2408 diploma
459 2327 606 2408 quoddam
635 2327 671 2388 ad
699 2348 753 2389 uos
782 2331 875 2408 venit,
904 2328 983 2408 qnod
1010 2328 1046 2389 ab
1074 2331 1254 2407 imperatore
1283 2330 1477 2407 compositum

300 2427 336 2488 ad
360 2429 591 2488 controversiam
615 2434 743 2506 spectat,
767 2446 842 2506 quae
865 2434 937 2487 tnnc
960 2425 1081 2505 quidem
1105 2428 1184 2486 inter
1208 2431 1294 2486 sedes
1317 2421 1479 2486 Rbmanam

300 2534 330 2585 et
352 2525 551 2585 Ravennatem
577 2533 679 2585 exorta
704 2533 757 2586 est
795 2525 915 2585 Maurus
939 2527 1019 2584 enim
1043 2525 1200 2602 episcopus
1223 2522 1377 2584 Ravennas
1402 2525 1479 2602 epis·

302 2630 440 2703 copatum
464 2641 551 2682 snum
576 2641 592 2681 a
615 2625 784 2702 principatu
807 2641 901 2702 papae
920 2621 1045 2682 Romani
1069 2621 1221 2682 absolvere
1245 2620 1367 2700 studuit,
1391 2639 1479 2700 quem

301 2722 359 2783 sibi
387 2723 590 2802 praepositum
619 2739 684 2781 esse
713 2723 839 2799 negavit.
885 2719 1049 2799 lmperator
1076 2721 1231 2798 nimirum,
1261 2721 1370 2798 quippe
1395 2721 1480 2779 cuins

299 2823 459 2882 interesset
491 2826 667 2899 potestatem
701 2837 794 2898 papae
821 2818 947 2880 Romani
981 2819 1076 2878 minui
1104 2817 1237 2877 consiliis
1265 2819 1398 2896 episcopi
1423 2816 1482 2876 Ra·

299 2919 436 2979 vennatis
465 2918 566 2977 favens
594 2935 649 2995 pro
673 2915 774 2977 Mauro
800 2918 1031 2977 controversiam
1061 2915 1194 2994 diremit,
1222 2933 1289 2975 cnm
1313 2915 1386 2974 baec
1411 2933 1480 2975 con·

300 3018 451 3077 stitueret:
479 3061 514 3094 „.
530 3060 559 3075 ..
580 3016 742 3075 Saucimas
766 3019 894 3092 amplius
914 3033 1056 3076 securam
1080 3021 1171 3090 atque
1190 3017 1318 3075 liberam
1337 3017 1375 3074 ab
1399 3019 1482 3074 omni

299 3118 455 3190 superiori
483 3117 650 3190 episcopali
678 3116 853 3174 conditione
880 3132 1005 3174 manere
1032 3121 1062 3174 ei
1088 3117 1184 3174 solum
1207 3116 1343 3173 arationi
1366 3129 1482 3172 uacare

293 3229 355 3288 pro
379 3218 483 3272 nostro
508 3213 668 3272 exorando
692 3215 828 3287 imperio,
852 3220 882 3272 et
905 3229 965 3273 non
987 3213 1150 3272 subiacere
1161 3228 1224 3286 pro
1243 3212 1375 3285 quolibet
1393 3212 1482 3270 morio

293 3311 501 3385 patriarcnae
525 3313 672 3384 antiquae
694 3311 780 3370 urbis
799 3310 924 3388 Romae,
947 3313 1003 3370 sed
1018 3327 1145 3370 manere
1164 3327 1230 3368 eam
1250 3303 1482 3388 ciconiariam

301 3414 330 3467 et
347 3414 487 3466 sanctam
506 3411 571 3468 eius
582 3416 656 3484 post
675 3425 741 3468 eam
760 3411 929 3486 ecclesiam,
949 3425 1017 3468 cum
1031 3409 1170 3467 omnibus
1183 3409 1244 3467 sibi
1250 3407 1482 3482 pertinentibus

297 3523 357 3580 per
380 3506 541 3566 dioecesim
560 3513 589 3566 et
601 3507 765 3581 parochiis
783 3507 1023 3580 ordinatoribus,
1041 3509 1123 3565 sicut
1141 3508 1254 3579 reliqui
1271 3506 1483 3580 metropolitae

299 3619 357 3678 pro
386 3604 516 3663 dirersis
543 3607 591 3663 rei
610 3605 758 3678 publicae
785 3611 941 3664 manentes
957 3606 1145 3680 prouinciis,
1174 3606 1227 3677 qui
1250 3609 1280 3662 et
1303 3605 1481 3678 aprapriis

302 3707 501 3761 consecratus
515 3703 673 3776 episcopis,
692 3697 800 3762 uestris
814 3703 963 3780 videlicet,
982 3709 1012 3761 et
1026 3703 1138 3760 decore
1153 3701 1248 3778 Palei,
1262 3704 1343 3760 sicut
1356 3707 1483 3760 nostrae

224 3869 226 3874 ,
301 3801 473 3860 divinitatis
490 3802 649 3859 sanctione
666 3817 801 3875 superna
821 3803 1023 3875 inspiratione
1034 3801 1244 3874 perlarpitum
1263 3804 1315 3857 est.
1358 3796 1481 3874 Oportet

300 3914 432 3972 namque
454 3913 510 3956 aas
533 3899 647 3957 eximia
671 3899 829 3958 deuotione
851 3899 1006 3958 bonorare
1030 3914 1089 3975 eos,
1113 3899 1166 3971 qui
1183 3914 1216 3955 se
1234 3903 1338 3956 nostro
1356 3899 1483 3956 servitia

301 4001 362 4056 toto
390 3999 499 4055 mentis
526 3997 639 4055 intuitu
668 4000 819 4056 instanter
843 3997 1036 4056 devoverunt.
1087 3994 1169 4064 Ouid
1190 4010 1261 4053 cero
1285 3997 1414 4069 amplius
1437 4001 1482 4054 est

300 4093 494 4168 honorabile,
523 4111 613 4168 quam
642 4111 692 4167 ea,
721 4111 800 4168 puae
829 4097 872 4153 ita
901 4096 1032 4154 anobis
1046 4095 1103 4167 pie
1127 4099 1264 4152 tractata
1286 4099 1364 4166 sunt,
1380 4095 1481 4168 perti·

300 4195 407 4250 nentia
431 4193 474 4251 ad
495 4193 640 4252 bonorem
663 4193 834 4252 sacerdotis
858 4194 969 4265 deuoti,
994 4197 1085 4264 atque
1107 4193 1224 4250 sinceri
1247 4191 1333 4250 nobis
1356 4193 1482 4250 nimium

393 4416 419 4484 1)
437 4414 527 4468 Weil
545 4413 563 4468 l.
580 4432 602 4468 c.
617 4415 630 4467 I
643 4433 670 4484 p.
688 4420 738 4468 163
754 4415 818 4469 adn.
835 4420 858 4469 3.
960 4487 963 4494 .

392 4497 418 4564 2)
437 4494 505 4548 vita
525 4493 671 4562 Vitalium,
691 4495 750 4550 Lib.
771 4496 872 4565 pontif.
891 4495 904 4548 I
922 4514 949 4564 p.
966 4500 1025 4564 188,
1042 4501 1126 4562 isqq.
