3304 5098
693 321 892 385 -9-

202 511 262 566 τοῦ
287 500 385 588 ἀέρος
408 499 609 585 ἐνεχθείσης.
646 501 701 564 καλ
720 500 966 583 προβάλλονται
985 501 1018 564 οἱ
1033 499 1263 582 Συρακούσιοι
1282 501 1381 576 Mage

204 603 274 677 ζιον
294 597 467 683 Ἀρμένιον
489 599 626 682 βασιλέα
650 595 746 686 καλέ)

293 701 446 762 Cedrenus
469 702 569 778 igitur,
593 703 678 761 cuius
703 707 858 760 contextus
882 699 939 759 aha
963 718 1056 778 eaque
1074 718 1149 759 nova
1168 693 1243 780 (τὸν
1262 690 1298 758 δὲ
1317 695 1378 758 θοί-

202 793 556 881 νατον-ένεχθείσης)
582 800 740 876 contineat,
768 816 844 876 quae
868 815 885 856 a
908 796 1086 876 Theophane
1109 815 1169 856 non
1193 796 1382 875 exhihentur,

203 915 238 956 ex
266 897 323 957 hoc
347 898 491 975 scriptore
515 897 651 956 hausisse
674 914 734 955 non
756 895 887 955 videtur:
913 897 1004 955 immo
1029 915 1096 955 cum
1120 894 1211 954 altera
1236 913 1270 954 cx
1293 901 1382 973 parte

202 995 308 1054 iisdem
337 995 401 1055 lere
428 993 528 1054 verbis
556 1003 644 1073 atque
672 994 867 1072 Theophanes
894 1011 968 1054 usus
996 995 1047 1071 sit,
1074 1011 1168 1052 unum
1192 991 1380 1070 eundemque

203 1093 314 1154 iontem
345 1092 515 1152 adhibuisse
546 1091 695 1170 putandus
725 1099 779 1152 est.
832 1090 896 1160 Qua
927 1091 962 1150 de
993 1109 1081 1151 causa
1111 1090 1161 1150 illa
1191 1089 1383 1168 Theophanis

201 1190 290 1250 verba
315 1182 357 1272 (p.
376 1187 451 1269 351,
468 1184 628 1273 15-28),
657 1208 732 1268 quae
760 1208 858 1267 neque
886 1207 902 1248 a
926 1187 1059 1249 Cedreno
1088 1189 1260 1248 referuntur
1282 1207 1380 1267 neque

202 1291 232 1348 in
256 1291 510 1349 continuationem
533 1289 713 1348 narrationis
737 1288 891 1366 quadrant,
916 1287 951 1346 ab
976 1294 1095 1347 auctore
1119 1287 1238 1347 aHunde
1263 1295 1379 1366 sumpta

202 1403 267 1445 esse
292 1387 438 1446 existimo.

291 1483 425 1562 Causam,
449 1502 524 1561 quae
548 1489 674 1542 mortem
699 1483 884 1543 Constantini
907 1483 1052 1560 effecerit,
1076 1482 1270 1561 Theophanes
1294 1501 1381 1561 repe-

200 1583 236 1642 tit
260 1600 294 1641 ex
319 1581 386 1641 odio
411 1583 519 1642 civium
542 1580 763 1659 Byzantiorum,
792 1581 870 1659 quod
893 1591 960 1660 post
984 1580 1104 1640 caedem
1128 1581 1228 1640 fratris
1251 1583 1380 1660 impera-

201 1681 283 1758 toris,
308 1679 430 1738 exilium
453 1679 572 1738 Martini
598 1697 692 1757 papae
716 1678 840 1740 llomani
869 1687 899 1738 et
921 1685 1077 1757 tormenta,
1102 1678 1210 1757 quihus
1234 1679 1380 1739 Maximus

201 1779 324 1855 eiusque
350 1776 488 1856 discipuli
511 1777 620 1856 aliique
644 1777 799 1838 orthodoxi
818 1777 916 1836 allecti
935 1783 1045 1854 essent,
1068 1785 1171 1836 natum
1191 1795 1257 1836 esse
1277 1777 1380 1836 relert.

201 1875 284 1935 Tunc
308 1883 416 1952 autem,
440 1877 574 1953 quamvis
598 1884 805 1954 exspectemus
828 1873 930 1953 verba,
959 1893 1033 1952 quae
1058 1893 1179 1934 sensum
1203 1875 1265 1934 lere
1289 1874 1379 1934 hahe-

201 1981 253 2032 ant
275 1973 368 2033 hunc:
394 1970 530 2033 “idcirco
554 1972 699 2033 Constans
722 1973 899 2033 interiectus
923 1969 1002 2050 est'',
1026 1974 1135 2032 iterum
1158 1972 1297 2050 legimus:
1322 1970 1379 2033 διά

200 2091 252 2130 τοι
275 2076 379 2131 ταῦτα
402 2065 545 2150 ἐμισήθη
569 2069 725 2152 spelpes
743 2069 831 2152 παρὰ
849 2069 994 2148 πάντων,
1018 2078 1106 2149 atque
1127 2077 1303 2130 enarrantur
1321 2089 1381 2148 res,

201 2187 276 2246 quae
304 2176 390 2228 antea
417 2187 446 2246 p.
466 2164 540 2246 348,
554 2165 648 2247 4sqq.
678 2171 738 2227 iam
765 2176 1012 2228 commemoratae
1040 2186 1227 2247 nequaquam
1256 2187 1380 2247 respon·

202 2265 272 2326 dent
294 2265 407 2326 verbis:
434 2259 477 2344 ἦν
505 2259 541 2326 δὲ
569 2263 589 2345 ἡ
614 2265 702 2328 αι’τέα
726 2263 817 2345 αὕτη.
863 2266 982 2326 Timore
1006 2273 1187 2326 commotum
1211 2265 1378 2326 Constanti-

200 2383 271 2424 num
300 2364 450 2424 studuisse
478 2366 638 2442 imperium
666 2363 789 2424 Romam
820 2365 995 2442 transferre,
1027 2364 1107 2424 unde
1138 2373 1278 2443 cognatos
1309 2383 1380 2424 suos

200 2465 312 2522 arcessi
330 2462 480 2521 voluisset.
525 2461 654 2540 Apparet
681 2461 735 2522 has
763 2480 812 2521 res
841 2461 899 2521 illis
928 2464 1025 2522 causis
1055 2461 1176 2522 attribui
1199 2480 1259 2522 non
1281 2481 1379 2540 posse.

200 2559 242 2618 llx
266 2560 313 2618 his
336 2562 428 2637 igitur
452 2559 660 2639 discrepantiis
683 2559 762 2620 haud
786 2561 847 2619 scio
871 2578 907 2619 an
922 2560 1029 2638 ,colligi
1051 2562 1147 2639 possit
1168 2559 1378 2638 Theophanem

199 2655 255 2717 hoc
283 2656 347 2717 loco
375 2659 472 2717 varias
499 2665 599 2736 partes
627 2658 752 2717 iontium
781 2657 964 2737 contudisse,
993 2677 1067 2737 quae
1096 2665 1181 2718 antea
1205 2677 1240 2718 eo
1264 2657 1380 2737 ordine,

199 2773 258 2833 quo
280 2755 474 2834 Theophanes
498 2757 671 2834 composuit,
695 2755 853 2816 collocatae
877 2757 970 2816 luisse
993 2775 1052 2815 non
1075 2755 1238 2816 videantur.

289 2851 332 2912 Ex
362 2852 476 2914 duobus
505 2853 635 2914 sontibus
665 2852 790 2914 diversis
817 2854 907 2914 verba
936 2855 1089 2932 sequentia
1114 2872 1267 2914 emanasse
1290 2861 1379 2933 puto:

244 2985 296 3046 Th.
316 3007 344 3066 p.
365 2983 546 3066 348,6sqq.
578 2981 654 3083 ⁸seori
682 2983 790 3067 πέμ-ἓ
861 2987 914 3046 Th.
933 3007 961 3066 p.
981 2983 1056 3066 351,
1071 2981 1183 3065 25sqq.
1228 2983 1377 3048 ...καλ

198 3101 252 3144 πει
280 3090 339 3146 τοῦ
369 3081 507 3164 ἀγαγεῖν
534 3083 596 3164 τὴν
619 3092 762 3163 γυναῖκα
788 3042 791 3112 λ
816 3083 878 3164 τὴν
900 3083 1099 3165 βασίλισσαν
1117 3081 1171 3145 καλ
1192 3083 1270 3157 τοὺς
1289 3092 1380 3165 τρεῖς

200 3177 304 3243 αὐτοῦ
341 3181 394 3243 καὶ
432 3182 511 3255 τοὺς
545 3189 633 3261 τρεῖς
664 3180 761 3255 υἱοὺς
787 3178 790 3285 l
816 3181 912 3256 υἱοὺς
935 3180 1039 3244 αὐτοῦ
1064 3179 1182 3263 ἐπᾶραι
1201 3178 1379 3263 ἠθέλησεν,

200 3277 319 3360 αὐτοῦ,
357 3281 632 3358 Κωνσιανιῖνον,
660 3275 760 3360 Ἡρά-
816 3281 847 3342 εἰ
873 3279 916 3361 μὴ
940 3275 1091 3360 Ἀνδρέας
1117 3275 1134 3340 ὁ
1159 3279 1379 3358 κουβικουλοὲ-

200 3380 312 3440 κλειον
348 3376 402 3440 καὶ
444 3374 611 3460 Τιβέριον·
655 3376 687 3439 οἱ
724 3376 761 3439 δὲ
787 3364 790 3409 ¹
817 3399 887 3459 ριος
919 3376 974 3439 ιιαλ
1008 3377 1180 3458 Θεόδωρος
1213 3374 1231 3438 ὁ
1263 3378 1379 3440 Κολω-

199 3473 374 3551 Βνζοῖνιιοι
407 3473 468 3538 οὐκ
502 3472 671 3538 ἀπέλυσαν
703 3474 761 3537 αὐ·
787 3465 789 3498 λ
816 3474 906 3548 νείας
929 3474 990 3555 τὴν
1012 3474 1134 3536 τούτου
1158 3473 1287 3556 βουλὴν
1310 3473 1378 3536 dea-

199 3571 284 3646 τούς.
787 3590 789 3654 j
815 3572 979 3635 κώλυσαν.

290 3689 400 3750 Eodem
426 3691 487 3750 lere
511 3698 653 3769 tempore,
678 3710 736 3768 quo
755 3689 950 3768 Theophanes
970 3689 1234 3768 chronographiam
1259 3708 1377 3768 compo-

200 3789 273 3867 suit,
302 3787 529 3866 Nicephorus
557 3788 725 3867 patriarcha
752 3781 965 3870 breviarium²)
991 3790 1124 3866 scripsit,
1153 3789 1238 3847 cuius
1262 3794 1377 3866 partem

199 3885 402 3946 tantummodo
423 3887 558 3963 exiguam
578 3885 664 3945 nobis
683 3888 713 3944 in
733 3885 856 3945 historia
876 3885 1060 3944 Constantini
1074 3885 1113 3944 lll
1133 3884 1289 3944 scribenda
1308 3887 1378 3944 usui

199 4001 265 4044 esse
295 3983 436 4044 dolemus
483 3983 601 4044 Etenim
630 4003 664 4044 ea
687 4003 757 4062 pars
781 4002 855 4062 quae
880 3984 938 4042 huc
962 3991 1077 4062 spectat
1100 3983 1142 4042 nil
1166 3985 1297 4042 continet
1318 3985 1377 4042 nisi

198 4099 309 4160 paucos
332 4100 465 4162 menseS,
494 4083 545 4162 qui
568 4089 694 4142 mortem
718 4081 847 4142 heraclii
876 4089 1049 4160 sequuntur.
1095 4080 1137 4140 De
1161 4083 1287 4160 imperio
1311 4083 1378 4160 ipso

199 4177 386 4240 Constantini
410 4179 483 4240 nihil
508 4199 542 4240 ex
567 4179 726 4258 Nicephori
751 4179 826 4238 libro
851 4179 990 4256 colligere
1014 4198 1185 4258 possumus,
1214 4181 1282 4258 quia
1306 4181 1378 4238 anni

289 4354 314 4420 1)
335 4349 485 4417 Cedrenus,
504 4353 546 4405 ed.
566 4351 654 4406 Bonn.
673 4351 687 4404 I
703 4369 730 4420 p.
747 4355 807 4418 763,
824 4357 924 4418 12εοα.

288 4435 315 4499 2)
334 4432 384 4486 Ed.
405 4431 444 4484 de
463 4432 549 4486 Boor
567 4431 641 4500 Lips.
663 4435 739 4485 1880.
