3304 5098
667 325 886 388 „23-

185 505 382 566 Heraclonam
413 505 449 566 de
480 507 580 585 populi
611 506 740 566 tumultu
771 509 929 567 certiorem
962 508 1045 584 lecit,
1077 509 1241 586 imperator
1271 507 1365 566 filium

186 605 288 665 fratris
317 623 419 665 secum
447 607 477 664 in
508 604 651 684 templum
681 605 776 682 duxit,
807 605 859 664 ubi
886 605 994 684 populo
1023 605 1132 665 cedens
1161 625 1228 664 eum
1258 623 1365 665 corona

188 703 318 764 Heraclii
341 699 494 788 ornavit.1)
536 703 573 764 Et
597 705 673 763 inira
697 722 724 781 p.
744 700 926 782 31,17sqq.
946 701 1133 782 Nicephorus
1156 703 1256 782 prodit
1274 703 1365 763 Hera·

185 801 304 862 clonam
324 809 353 862 et
371 802 536 880 Martinam,
556 821 593 862 ne
614 803 707 861 vineis
726 803 821 880 magis
842 801 1052 861 detrimentum
1072 801 1242 879 inferretur,
1266 802 1365 861 lacere

186 918 247 959 non
283 902 427 978 poluisse,
463 902 535 979 quin
569 918 636 960 cum
664 899 817 959 Valentino
853 901 1107 959 communicarent
1138 901 1365 978 pactionemque

186 998 328 1058 lacerent.
379 997 487 1059 Contra
515 998 623 1058 Ioanne
657 991 810 1080 auctorel)
840 996 985 1056 Constans
1019 1017 1034 1056 a
1062 997 1214 1057 Valentino
1241 997 1365 1075 aliisque

186 1097 335 1174 patriciis,
373 1098 423 1174 qui
456 1115 525 1156 eum
558 1097 653 1156 secuti
686 1103 783 1174 erant,
821 1103 979 1155 coronatus
1012 1103 1058 1155 est
1090 1113 1186 1173 necpre
1218 1095 1249 1154 id
1281 1097 1365 1174 prius

185 1212 277 1272 quam
295 1195 392 1273 pactio
411 1195 491 1254 inter
509 1192 705 1254 Heraclonam
725 1201 754 1253 et
773 1195 937 1254 exercitum
957 1194 1032 1253 iacta
1052 1202 1105 1253 est.
1148 1192 1228 1263 Quae
1248 1194 1366 1253 loannis

187 1294 327 1369 narratio,
352 1293 383 1351 ni
407 1291 499 1370 fallor,
522 1293 617 1370 magis
641 1309 729 1370 quam
748 1290 909 1370 Nicephori
929 1293 1060 1370 speciem
1082 1294 1215 1352 veritatis
1239 1309 1309 1370 prae
1334 1309 1366 1350 se

188 1390 254 1449 lert.
309 1389 425 1450 Etenim
454 1392 584 1468 primum
613 1387 802 1449 Constantem
834 1409 849 1448 a
880 1389 1033 1449 Valentino
1061 1392 1271 1469 imperatorem
1301 1407 1366 1449 esse

186 1495 360 1548 coronatum
393 1489 483 1548 etiam
512 1487 622 1548 Sebeos
657 1481 793 1570 proditi)
840 1487 952 1548 Deinde
980 1487 1070 1548 verba
1098 1487 1259 1568 Nicephori
1287 1487 1366 1547 baud

188 1586 230 1644 ita
257 1585 373 1662 legibus
401 1585 512 1664 logicae
541 1588 698 1646 coniuncta
727 1603 793 1645 esse
822 1587 896 1645 mihi
923 1586 1068 1646 videntur.
1115 1585 1259 1647 Narratur
1287 1587 1367 1645 enim

188 1682 343 1762 Byzantios
372 1684 533 1744 tumultum
562 1683 705 1743 conflasse
734 1691 763 1742 et
791 1687 915 1763 petisse,
938 1695 972 1744 ut
995 1685 1140 1745 Constans
1165 1693 1366 1767 coronaretur,

186 1799 256 1842 cum
287 1782 471 1842 audivissent
497 1785 598 1842 vineas
622 1799 691 1841 suas
715 1799 731 1840 a
755 1781 902 1842 Valentini
925 1782 1070 1843 militibus
1095 1783 1216 1842 destrui.
1263 1782 1364 1860 ltaque

186 1879 353 1939 secundum
385 1879 586 1959 Nicephorum
617 1879 758 1958 populuS,
794 1898 861 1940 cum
894 1880 1088 1941 Heraclonam
1121 1889 1240 1958 cogeret
1272 1879 1366 1940 filium

189 1977 290 2036 fratris
311 1996 462 2055 coronare,
486 1977 516 2036 id
536 1979 604 2056 egit,
628 1984 661 2037 ut
681 1977 840 2038 Constante
859 1980 1037 2056 imperatore
1057 1987 1198 2039 coronato
1217 1980 1365 2038 exercitus

188 2074 335 2135 Valentini
364 2093 431 2135 cum
460 2075 573 2136 civibus
601 2077 633 2134 in
662 2078 786 2154 gratiam
815 2075 927 2136 rediret
954 2095 1028 2136 neve
1058 2076 1170 2136 diutius
1193 2078 1294 2135 vineas
1317 2094 1366 2134 va-

186 2180 290 2232 staret.
341 2173 399 2233 Sed
428 2174 508 2234 nullo
538 2173 602 2233 loco
631 2173 791 2252 Nicephori
819 2175 988 2234 invenimus
1016 2176 1180 2234 exercitum
1209 2173 1244 2233 ab
1276 2175 1367 2233 armis

189 2272 361 2350 recessisse,
385 2273 520 2350 quamvis
544 2271 703 2332 Constante
728 2280 866 2332 coronato
890 2272 933 2350 id,
958 2272 1035 2351 quod
1062 2274 1163 2351 copiae
1188 2271 1366 2332 rebellantes

187 2368 353 2448 voluerunt,
368 2370 534 2448 perlectum
549 2377 637 2430 esset.
675 2370 767 2430 lmmo
781 2371 880 2448 potius
895 2369 1089 2449 Nicephorus,
1108 2373 1214 2430 utiam
1229 2369 1365 2449 vidimus,

189 2468 282 2527 relert
303 2466 498 2544 Heraclonam
529 2476 663 2528 coactum
694 2486 758 2527 esse
787 2487 855 2528 cum
882 2467 1034 2528 Valentino
1063 2470 1229 2547 pactionem
1260 2467 1366 2545 lacere,

188 2582 226 2624 ne
251 2564 387 2625 suburbii
411 2567 473 2644 agri
498 2567 587 2626 etiam
609 2567 703 2643 magis
727 2573 915 2626 vastarentur
939 2566 1209 2644 diriperenturque.
1254 2565 1365 2644 ltaque,

187 2665 259 2742 quia
287 2665 477 2724 coronatione
507 2663 675 2724 Constantis
704 2663 872 2741 periculum
905 2663 941 2723 ab
972 2666 1105 2724 exercitu
1134 2662 1367 2723 Chalcedonensi

188 2763 349 2822 imminens
377 2781 436 2822 nou
464 2770 611 2822 remotum
639 2769 697 2839 est,
725 2761 756 2820 id
779 2761 858 2840 quod
887 2764 966 2822 cives
990 2761 1123 2822 seditiosi
1151 2762 1312 2840 voluerant,
1337 2769 1367 2822 et

189 2861 233 2919 sio
257 2879 345 2920 causa
373 2863 583 2920 consecutione
611 2861 781 2920 necessaria
805 2870 898 2938 caret,
924 2879 978 2939 ego
1002 2860 1122 2938 quidem
1146 2879 1205 2919 non
1229 2861 1365 2920 existimo

187 2957 239 3016 illo
267 2965 414 3036 tempore,
447 2961 620 3037 priusquam
652 2965 779 3036 utraque
811 2977 880 3037 pars
914 2960 1189 3036 communicaverit,
1223 2957 1365 3018 Constan-

189 3062 249 3114 tem
273 3063 446 3116 coronatum
470 3075 544 3117 esse.
590 3056 709 3116 loannis
739 3058 831 3136 igitur
856 3056 991 3116 ordinem
1015 3075 1116 3116 rerum
1139 3063 1366 3134 temporumque

187 3170 306 3230 sequor.
365 3141 578 3216 Coniciendum
612 3173 677 3216 esse
695 3141 784 3215 ¹mibi
815 3154 934 3214 videtur
962 3153 1156 3214 Heraclonam
1187 3156 1366 3232 amicosque,

187 3269 257 3310 cum
289 3271 304 3310 a
333 3253 444 3331 populo
476 3253 616 3313 seditioso
647 3261 829 3332 urgerentur
859 3260 889 3312 et
917 3261 1109 3330 venarentur,
1142 3251 1256 3312 nullum
1286 3251 1366 3312 aliud

187 3349 316 3428 periculi
340 3350 504 3410 remedium
528 3350 638 3412 vidisse
662 3363 782 3431 praeter
804 3352 972 3430 pactionem
995 3369 1063 3410 cum
1085 3349 1238 3410 Valentino
1261 3352 1366 3410 incuu-

188 3445 265 3506 dam.
311 3447 420 3509 loanne
445 3443 598 3533 auctore4)
618 3449 798 3510 Heraclonas
822 3466 927 3526 magno
952 3466 1019 3508 cum
1042 3467 1165 3509 numero
1190 3449 1365 3508 clericorum

188 3543 354 3624 Bosporum
378 3546 502 3608 navibus
526 3549 617 3626 regiis
640 3556 826 3608 transvectus
846 3545 1063 3607 Chalcedonam
1086 3549 1222 3625 pervenit
1246 3555 1275 3606 et
1298 3566 1366 3606 cum

188 3645 283 3722 copiis
310 3647 479 3723 pactionem
507 3645 590 3723 lecit,
623 3663 710 3724 quam
739 3653 865 3724 utraque
893 3664 962 3724 pars
991 3649 1056 3704 iure
1084 3643 1209 3704 iurando
1237 3645 1366 3704 affirma·

187 3733 267 3824 ἠΰ)
313 3741 476 3802 Postulavit
503 3761 518 3801 a
547 3741 704 3820 militibus,
734 3751 768 3802 ut
797 3749 974 3802 testamento
999 3741 1127 3802 Heraclii
1155 3761 1186 3801 se
1218 3741 1366 3802 subicien-

187 3845 235 3897 tes
271 3840 369 3917 ipsum
405 3832 629 3923 (Heraclonam)
667 3842 877 3919 imperatorem
911 3848 1114 3918 agnoscerent
1173 3839 1230 3900 Sed
1264 3847 1366 3900 contra

188 3937 291 4014 copiae
314 3939 559 4016 impetraverunt,
582 3946 616 3998 ut
639 3940 681 3998 eis
705 3940 878 4015 gravissima
902 3939 970 3998 talia
995 3937 1243 3998 concederentur:
1276 3937 1367 3998 Hera-

187 4032 289 4094 clonas
312 4036 451 4113 promisit
474 4054 506 4095 se
530 4035 729 4114 Constantem,
753 4036 854 4096 iratris
878 4036 980 4115 lilium,
1004 4039 1118 4096 socium
1141 4037 1261 4114 imperii
1285 4038 1366 4116 agni·

280 4200 306 4267 1)
324 4197 385 4252 Hoc
403 4197 466 4252 loco
485 4215 605 4269 pergens
624 4199 801 4267 Nicephorus
821 4199 856 4252 de
874 4198 955 4266 Pyrri
973 4199 1138 4268 expulsione
1158 4201 1231 4269 egit,
1256 4199 1291 4254 de
1311 4215 1368 4267 qua

131 4277 149 4298 ⁶
186 4275 262 4330 infre
281 4277 457 4332 disseremus.

280 4359 306 4427 2)
325 4357 443 4412 loannes
462 4358 524 4414 Nic.
544 4359 562 4413 l.
583 4377 606 4414 c.
625 4378 651 4429 p.
673 4365 733 4414 ota.
843 4363 870 4430 3)
889 4359 992 4414 Sebeoe
1011 4359 1029 4412 l.
1050 4378 1072 4415 c.
1092 4379 1118 4429 p.
1141 4367 1191 4413 103
1200 4379 1240 4429 sq.

279 4444 305 4508 4)
323 4437 443 4494 Ioannes
461 4440 524 4495 Nic.
543 4440 561 4494 l.
582 4457 604 4495 c.
624 4459 651 4509 p.
672 4445 732 4494 519.
859 4443 886 4512 ὅ)
905 4439 1023 4508 Niceph.
1044 4459 1070 4509 p.
1091 4446 1250 4508 31,19sqq.
