3304 5098
737 323 958 384 ,46-

259 509 349 567 vitam
373 513 573 567 servaverunt.
611 503 683 566 lnde
702 505 829 583 Agereni
848 506 879 563 in
897 503 1034 564 Rhodum
1054 521 1085 564 se
1106 509 1325 582 converterunt,
1350 522 1439 582 quam

259 604 387 665 insulam
411 610 563 684 ceperunt.
610 602 704 664 Mavia
728 621 778 664 aes
802 601 909 662 colossi
938 603 990 680 qui
1014 600 1185 662 destructus
1210 609 1255 661 est
1278 603 1441 661 mercatori

258 702 366 762 ludaeo
394 696 564 785 vendiditl)
611 700 670 761 liar
697 699 830 760 Hebraeo
858 705 934 760 teste
962 698 1059 758 insula
1088 698 1124 759 ab
1148 698 1293 759 Arabihus
1323 698 1438 778 direpta

260 808 313 860 est
360 800 501 861 Saraceni
527 817 623 878 usque
652 798 689 859 ad
712 798 773 859 Con
797 797 924 858 insulam
948 805 1173 876 processerunt,
1199 815 1300 876 quam,
1324 804 1358 857 nt
1381 796 1442 858 Bar

258 897 411 958 Hebraeus
442 900 547 975 relert,
579 897 645 958 dolo
676 897 809 976 episcopi
839 897 891 974 qui
920 894 962 955 ibi
991 895 1092 956 sedem
1119 895 1224 956 habuit
1247 895 1438 974 subegerunt.

259 995 439 1060 Manendum
470 996 544 1056 mihi
579 1014 644 1055 esse
680 994 797 1056 videtur
830 996 939 1054 iterum
970 994 1113 1054 clericum
1144 1013 1161 1053 a
1190 1002 1275 1072 parte
1307 993 1440 1054 hostium

261 1093 367 1154 Graeci
396 1095 515 1172 imperii
548 1101 675 1152 stantem
708 1093 849 1170 inveniri,
882 1093 960 1152 sicut
992 1099 1076 1151 antea
1110 1091 1354 1170 Thomarichum,
1387 1094 1442 1171 qui

258 1193 391 1271 Aradios
414 1199 447 1252 ut
470 1191 605 1250 hostibus
630 1209 661 1250 se
687 1189 839 1267 dederent,
863 1209 1049 1250 commovere
1074 1189 1235 1250 studuerat.
1277 1190 1438 1269 Postquam

259 1290 370 1350 Arabes
393 1292 424 1349 in
445 1288 485 1348 Co
504 1288 601 1349 insula
624 1287 765 1366 praedam
785 1295 1008 1366 congesserunt,
1033 1290 1064 1347 in
1084 1288 1201 1348 Cretam
1222 1287 1347 1348 navibus
1370 1306 1441 1368 pro·

259 1389 330 1450 lecti
353 1406 420 1448 esse
446 1379 623 1469 dicuntum)
669 1385 747 1456 Quid
770 1385 812 1446 ibi
836 1387 998 1464 effecerint,
1023 1405 1082 1446 non
1107 1387 1244 1446 ret'ertur.

349 1486 419 1547 Sine
449 1484 537 1544 dubio
566 1486 621 1544 toti
649 1484 831 1563 expeditioni
858 1483 952 1544 Maria
980 1486 1044 1563 ipse
1073 1485 1209 1562 praefuit.
1261 1483 1345 1554 Quod
1372 1485 1440 1562 Syri

259 1593 396 1646 auctores
414 1590 538 1644 narrant
555 1581 669 1642 insulas
684 1580 822 1660 Cyprum,
841 1580 987 1661 Rhodum,
1007 1582 1068 1643 Con
1088 1582 1124 1642 ab
1139 1582 1317 1642 Abulatharo
1337 1591 1441 1661 captas

259 1702 338 1762 esse,
368 1699 492 1761 prorsus
523 1680 594 1740 salsa
624 1697 684 1738 non
715 1679 857 1758 produnt,
887 1698 956 1740 nam
986 1680 1148 1740 Abulathar
1178 1679 1266 1740 classi
1296 1679 1440 1740 Arabicae

258 1789 403 1861 praeerat.

346 1887 501 1964 Saraceni,
535 1887 643 1964 quippe
678 1887 729 1962 qui
756 1887 929 1963 nuperrime
959 1885 1078 1945 demum
1106 1905 1195 1945 naves
1225 1885 1441 1962 ascendissent,

260 1988 452 2047 excursiones
471 1985 635 2045 maritimas
654 1983 797 2042 iacientes
817 1985 927 2061 optime
947 2002 1011 2042 rem
1031 2002 1115 2044 suam
1130 1986 1259 2061 gessisse
1274 1985 1305 2043 in
1319 2001 1439 2062 promp-

259 2094 291 2146 tu
316 2093 362 2146 est
384 2092 472 2162 atque
496 2081 665 2142 mirandum
689 2100 755 2142 esse
775 2100 883 2142 censeo
903 2099 953 2141 eos
973 2081 1068 2140 classe
1085 2089 1146 2140 tam
1166 2099 1240 2141 nova
1260 2089 1340 2142 tanta
1359 2099 1441 2142 asse·

259 2191 344 2244 cutes
368 2199 443 2242 esse.
489 2179 575 2240 Haud
599 2181 660 2239 scio
684 2198 721 2239 an
740 2179 833 2239 blavia
857 2198 1016 2258 prosperos
1041 2198 1198 2239 successus
1220 2179 1324 2240 classis
1344 2181 1440 2258 respi-

260 2284 342 2341 ciens
373 2299 405 2340 se
437 2281 496 2338 iam
527 2277 650 2337 navibus
681 2285 796 2337 tantum
829 2278 927 2338 valere
958 2279 1118 2356 putaverit,
1153 2287 1187 2338 ut
1219 2285 1307 2356 caput
1340 2279 1439 2355 ipsum

260 2378 366 2438 Graeci
391 2378 510 2456 imperii
534 2374 655 2454 aggredi
679 2375 788 2435 audere
812 2384 921 2454 posset.
966 2375 1113 2454 Impetum
1143 2379 1222 2436 enim
1245 2383 1326 2436 terra
1349 2377 1439 2435 mari-

260 2496 317 2556 que
341 2477 407 2536 iieri
429 2475 529 2534 voluit.
577 2472 690 2550 Tripoli
713 2473 873 2534 Phoenicia
900 2473 1008 2534 multas
1037 2491 1127 2533 naves
1155 2476 1270 2533 ornavit
1298 2481 1326 2533 et
1351 2473 1439 2534 simul

260 2577 360 2654 copias
384 2575 507 2653 paravit,
532 2570 640 2650 quibus
660 2570 764 2630 classis
783 2572 967 2651 impleretur.
1011 2571 1069 2631 Sed
1087 2574 1260 2650 priusquam
1280 2580 1441 2650 apparatus

259 2675 427 2734 maritimus
457 2669 608 2730 absolutus
637 2677 713 2746 erat,
742 2669 876 2730 funditus
906 2672 1004 2748 periit.
1052 2669 1169 2730 Etenim
1197 2687 1287 2747 opera
1312 2669 1438 2730 duorum

259 2773 400 2848 virorum,
420 2771 472 2848 qui
490 2767 603 2846 Tripoli
621 2770 731 2828 versati
750 2768 840 2828 rebus
855 2767 1036 2828 Graecorum
1055 2769 1198 2844 laverunt,
1217 2767 1305 2827 multi
1324 2766 1440 2844 Graeci,

260 2871 312 2948 qui
330 2869 373 2928 ihi
392 2865 563 2926 carceribus
583 2865 769 2944 tenebantur,
789 2865 906 2926 liberati
921 2874 998 2944 sunt,
1017 2884 1072 2945 per
1086 2883 1160 2944 quos
1175 2865 1335 2944 phylarcho
1354 2865 1441 2926 urhis

259 2966 385 3027 Arabico
410 2966 508 3025 occiso
531 2963 638 3042 plenus
663 2972 821 3043 apparatus
844 2964 956 3024 navalis
979 2966 1041 3042 igni
1061 2971 1255 3041 consumptus
1277 2971 1329 3024 est.
1377 2963 1438 3022 Hac

260 3067 415 3125 occasione
439 3061 567 3122 Graecos
597 3071 626 3122 et
648 3063 759 3122 Arabes
785 3062 900 3142 Tripoli
927 3081 1033 3122 manus
1062 3063 1249 3121 conseruisse
1277 3062 1439 3122 verisimile

260 3170 318 3243 est3
345 3161 403 3221 Bar
425 3159 579 3220 Hebraeus
603 3159 712 3220 multos
736 3162 887 3238 Agerenos
911 3160 1084 3220 interlectos
1111 3177 1177 3220 esse
1200 3152 1327 3243 tradit.³)
1375 3159 1441 3230 Quo

260 3263 336 3321 lacto
361 3258 489 3319 Graecos
513 3259 543 3316 in
566 3257 739 3318 Romaniam
763 3259 874 3336 fugisse
898 3251 1074 3340 narratum)
1121 3255 1305 3336 Quamquam
1327 3257 1441 3317 Arabes

262 3366 341 3418 tanta
365 3357 530 3416 calamitate
555 3357 653 3416 allecti
678 3364 760 3434 sunt,
788 3365 887 3416 tamen
917 3365 1090 3435 apparatum
1114 3355 1253 3433 supplere
1277 3374 1337 3414 non
1362 3355 1440 3414 desi·

228 3453 230 3458 ’
261 3463 357 3517 erunt.
412 3455 505 3514 Mevia
538 3454 627 3514 classi
659 3456 767 3514 iterum
800 3453 1012 3514 Abulatharum
1044 3447 1238 3536 praefecit⁶);
1273 3455 1338 3531 ipse
1372 3472 1440 3513 cum

261 3555 354 3633 copiis
369 3554 507 3613 terrestri
521 3555 567 3612 via
582 3561 685 3612 contra
700 3552 986 3630 Constantinopolim
1000 3551 1152 3631 proiectus
1168 3559 1213 3611 est
1224 3544 1440 3634 (A.n.655).⁶)

351 3799 377 3866 1)
396 3795 582 3864 Theophanes
602 3796 715 3864 aliique.
825 3799 851 3865 2)
870 3795 927 3848 Bar
945 3795 1090 3848 Hebraeus
1109 3794 1127 3847 l.
1148 3812 1171 3847 c.

350 3879 376 3943 3)
395 3875 452 3929 Bar
469 3875 614 3930 Hebraeus
633 3876 651 3930 l.
672 3894 695 3930 e.
714 3895 741 3944 p.
758 3881 817 3930 111.

350 3959 376 4026 4)
397 3955 521 4024 Theoph.
534 3974 562 4024 p.
574 3962 635 4022 345,
647 3961 680 4010 18
689 3974 762 4024 sqq.;
777 3956 855 4010 Elias
865 3956 956 4010 Nisib.
968 3955 1019 4009 sub
1029 3955 1062 4008 A.
1073 3955 1107 4008 H.
1119 3960 1152 4007 34
1163 3955 1319 4025 (Basibgen
1328 3973 1355 4024 p.
1368 3959 1429 4025 113)

352 4039 378 4106 ὁ)
397 4035 514 4090 Arabici
532 4035 625 4090 fontes
646 4036 781 4105 (Waqidi,
799 4036 851 4089 lbn
870 4034 1117 4100 Aba-niualem,
1142 4035 1176 4090 cf.
1196 4035 1285 4088 Weil
1302 4035 1322 4088 1.
1342 4054 1369 4104 p.
1388 4042 1439 4090 162

261 4117 325 4171 adn.
346 4121 373 4184 2)
393 4119 422 4170 ei
440 4115 621 4170 Continuaiio
640 4116 742 4170 Isidori
761 4117 826 4185 Bya.
843 4116 925 4170 Arab.
942 4115 989 4185 (M.
1001 4115 1032 4170 G.
1043 4115 1078 4170 H.
1088 4116 1199 4184 neap.
1212 4119 1273 4186 344)
1292 4131 1440 4185 perperam

259 4191 385 4266 produnt
396 4193 569 4264 ‘Abdallam
585 4197 634 4264 qui
648 4198 779 4266 Aegypto
800 4196 978 4272 praepositus
993 4195 1102 4262 fuisset,
1118 4196 1202 4250 classi
1216 4197 1341 4250 Arabum
1360 4213 1440 4265 prae-

259 4278 356 4344 fuisse,
379 4277 447 4344 quia
470 4278 622 4330 maximam
645 4279 756 4345 partem
780 4293 813 4330 ex
836 4275 955 4330 navibus
974 4276 1173 4330 Alexandrinis
1200 4277 1356 4345 composita
1380 4293 1439 4330 esse

259 4359 416 4412 videbatur.

350 4441 376 4508 6)
396 4435 436 4492 Cf.
456 4437 681 4492 Wellhausen
700 4437 717 4491 l.
739 4455 761 4491 c.
781 4457 809 4506 p.
825 4445 886 4491 419.
