<?xml version="1.0" encoding="UTF-8"?>
<!DOCTYPE html PUBLIC "-//W3C//DTD XHTML 1.0 Transitional//EN"
    "http://www.w3.org/TR/xhtml1/DTD/xhtml1-transitional.dtd">
<html xmlns="http://www.w3.org/1999/xhtml" xml:lang="en" lang="en">
 <head>
  <title>
</title>
<meta http-equiv="Content-Type" content="text/html;charset=utf-8" />
  <meta name='ocr-system' content='tesseract 3.04.00' />
  <meta name='ocr-capabilities' content='ocr_page ocr_carea ocr_par ocr_line ocrx_word'/>
</head>
<body>
  <div class='ocr_page' id='page_1' title='image "./deimperioconsta00kaesgoog_0037.png"; bbox 0 0 3304 5098; ppageno 0'>
   <div class='ocr_carea' id='block_1_1' title="bbox 767 359 986 422">
    <p class='ocr_par' dir='ltr' id='par_1_1' title="bbox 767 359 986 422">
     <span class='ocr_line' id='line_1_1' title="bbox 767 359 986 422; baseline 0 -18"><span class='ocrx_word' id='word_1_1' title='bbox 767 359 986 422; x_wconf 67' lang='grc'><strong>-32-</strong></span> 
     </span>
    </p>
   </div>
   <div class='ocr_carea' id='block_1_2' title="bbox 231 538 1517 2580">
    <p class='ocr_par' dir='ltr' id='par_1_2' title="bbox 231 538 1517 2185">
     <span class='ocr_line' id='line_1_2' title="bbox 288 538 1517 621; baseline 0.002 -21"><span class='ocrx_word' id='word_1_2' title='bbox 288 540 339 619; x_wconf 88' lang='lat' dir='ltr'>qui</span> <span class='ocrx_word' id='word_1_3' title='bbox 362 541 513 618; x_wconf 91' lang='lat' dir='ltr'>provincia</span> <span class='ocrx_word' id='word_1_4' title='bbox 538 538 573 599; x_wconf 94' lang='lat' dir='ltr'>ab</span> <span class='ocrx_word' id='word_1_5' title='bbox 597 539 732 600; x_wconf 83' lang='lat' dir='ltr'>hostibus</span> <span class='ocrx_word' id='word_1_6' title='bbox 754 548 838 618; x_wconf 90' lang='lat' dir='ltr'>capta</span> <span class='ocrx_word' id='word_1_7' title='bbox 857 538 1050 600; x_wconf 77' lang='lat' dir='ltr'><strong>Alexandriae</strong></span> <span class='ocrx_word' id='word_1_8' title='bbox 1070 550 1282 619; x_wconf 77' lang='lat' dir='ltr'>remanserant,</span> <span class='ocrx_word' id='word_1_9' title='bbox 1306 543 1337 600; x_wconf 95' lang='lat' dir='ltr'>in</span> <span class='ocrx_word' id='word_1_10' title='bbox 1357 545 1465 621; x_wconf 88' lang='lat' dir='ltr'>optatis</span> <span class='ocrx_word' id='word_1_11' title='bbox 1514 560 1517 568; x_wconf 91' lang='lat'>·</span> 
     </span>
     <span class='ocr_line' id='line_1_3' title="bbox 288 637 1464 717; baseline 0.003 -20"><span class='ocrx_word' id='word_1_12' title='bbox 288 647 364 716; x_wconf 90' lang='lat' dir='ltr'>erat,</span> <span class='ocrx_word' id='word_1_13' title='bbox 391 645 425 698; x_wconf 92' lang='lat' dir='ltr'>ut</span> <span class='ocrx_word' id='word_1_14' title='bbox 453 646 534 699; x_wconf 85' lang='lat' dir='ltr'>terro</span> <span class='ocrx_word' id='word_1_15' title='bbox 559 637 670 699; x_wconf 84' lang='lat' dir='ltr'>Graeco</span> <span class='ocrx_word' id='word_1_16' title='bbox 699 640 825 716; x_wconf 90' lang='lat' dir='ltr'>imperio</span> <span class='ocrx_word' id='word_1_17' title='bbox 853 640 961 698; x_wconf 91' lang='lat' dir='ltr'>iterum</span> <span class='ocrx_word' id='word_1_18' title='bbox 990 638 1210 717; x_wconf 88' lang='lat' dir='ltr'>adiungeretur.</span> <span class='ocrx_word' id='word_1_19' title='bbox 1259 637 1464 700; x_wconf 87' lang='lat' dir='ltr'>Constantino·</span> 
     </span>
     <span class='ocr_line' id='line_1_4' title="bbox 286 734 1464 816; baseline 0.002 -20"><span class='ocrx_word' id='word_1_20' title='bbox 286 734 411 814; x_wconf 92' lang='lat' dir='ltr'>politani</span> <span class='ocrx_word' id='word_1_21' title='bbox 434 755 494 797; x_wconf 93' lang='lat' dir='ltr'>non</span> <span class='ocrx_word' id='word_1_22' title='bbox 518 739 671 815; x_wconf 80' lang='lat' dir='ltr'>ignorasse</span> <span class='ocrx_word' id='word_1_23' title='bbox 696 735 841 814; x_wconf 88' lang='lat' dir='ltr'>videntur,</span> <span class='ocrx_word' id='word_1_24' title='bbox 866 735 1013 814; x_wconf 89' lang='lat' dir='ltr'>quomodo</span> <span class='ocrx_word' id='word_1_25' title='bbox 1037 754 1086 797; x_wconf 90' lang='lat' dir='ltr'>res</span> <span class='ocrx_word' id='word_1_26' title='bbox 1109 739 1142 797; x_wconf 92' lang='lat' dir='ltr'>in</span> <span class='ocrx_word' id='word_1_27' title='bbox 1164 738 1295 816; x_wconf 80' lang='lat' dir='ltr'>Aegypto</span> <span class='ocrx_word' id='word_1_28' title='bbox 1319 756 1351 798; x_wconf 88' lang='lat' dir='ltr'>se</span> <span class='ocrx_word' id='word_1_29' title='bbox 1375 737 1464 798; x_wconf 90' lang='lat' dir='ltr'>habe·</span> 
     </span>
     <span class='ocr_line' id='line_1_5' title="bbox 287 833 1464 915; baseline 0.003 -22"><span class='ocrx_word' id='word_1_30' title='bbox 287 843 362 894; x_wconf 90' lang='lat' dir='ltr'>rent.</span> <span class='ocrx_word' id='word_1_31' title='bbox 396 833 519 895; x_wconf 81' lang='lat' dir='ltr'>Occasio</span> <span class='ocrx_word' id='word_1_32' title='bbox 534 833 728 896; x_wconf 87' lang='lat' dir='ltr'>Alexandriae</span> <span class='ocrx_word' id='word_1_33' title='bbox 748 833 969 912; x_wconf 88' lang='lat' dir='ltr'>recuperandae</span> <span class='ocrx_word' id='word_1_34' title='bbox 989 841 1147 913; x_wconf 86' lang='lat' dir='ltr'>propterea</span> <span class='ocrx_word' id='word_1_35' title='bbox 1162 853 1280 915; x_wconf 86' lang='lat' dir='ltr'>quoque</span> <span class='ocrx_word' id='word_1_36' title='bbox 1299 843 1464 914; x_wconf 89' lang='lat' dir='ltr'>opportuna</span> 
     </span>
     <span class='ocr_line' id='line_1_6' title="bbox 287 931 1450 1012; baseline 0.003 -20"><span class='ocrx_word' id='word_1_37' title='bbox 287 949 354 992; x_wconf 90' lang='lat' dir='ltr'>esse</span> <span class='ocrx_word' id='word_1_38' title='bbox 377 932 545 1012; x_wconf 86' lang='lat' dir='ltr'>videbatur,</span> <span class='ocrx_word' id='word_1_39' title='bbox 574 932 652 1011; x_wconf 89' lang='lat' dir='ltr'>quod</span> <span class='ocrx_word' id='word_1_40' title='bbox 680 931 752 992; x_wconf 88' lang='lat' dir='ltr'>urbs</span> <span class='ocrx_word' id='word_1_41' title='bbox 781 933 886 1010; x_wconf 88' lang='lat' dir='ltr'>exiguo</span> <span class='ocrx_word' id='word_1_42' title='bbox 915 938 1029 992; x_wconf 90' lang='lat' dir='ltr'>tantum</span> <span class='ocrx_word' id='word_1_43' title='bbox 1055 933 1204 1011; x_wconf 89' lang='lat' dir='ltr'>praesidio</span> <span class='ocrx_word' id='word_1_44' title='bbox 1229 933 1358 995; x_wconf 81' lang='lat' dir='ltr'>Arabum</span> <span class='ocrx_word' id='word_1_45' title='bbox 1381 942 1450 996; x_wconf 89' lang='lat' dir='ltr'>tene</span> 
     </span>
     <span class='ocr_line' id='line_1_7' title="bbox 231 1029 1463 1110; baseline 0.002 -21"><span class='ocrx_word' id='word_1_46' title='bbox 231 1074 235 1081; x_wconf 83' lang='lat'>.</span> <span class='ocrx_word' id='word_1_47' title='bbox 286 1029 382 1090; x_wconf 89' lang='lat' dir='ltr'>batur.</span> <span class='ocrx_word' id='word_1_48' title='bbox 429 1031 530 1110; x_wconf 90' lang='lat' dir='ltr'>ltaque</span> <span class='ocrx_word' id='word_1_49' title='bbox 559 1030 769 1092; x_wconf 72' lang='lat' dir='ltr'>Constantinus</span> <span class='ocrx_word' id='word_1_50' title='bbox 798 1032 899 1090; x_wconf 91' lang='lat' dir='ltr'>conari</span> <span class='ocrx_word' id='word_1_51' title='bbox 927 1032 1082 1090; x_wconf 87' lang='lat' dir='ltr'>constituit</span> <span class='ocrx_word' id='word_1_52' title='bbox 1109 1031 1189 1091; x_wconf 91' lang='lat' dir='ltr'>illam</span> <span class='ocrx_word' id='word_1_53' title='bbox 1212 1034 1396 1110; x_wconf 86' lang='lat' dir='ltr'>provinciam</span> <span class='ocrx_word' id='word_1_54' title='bbox 1421 1033 1463 1093; x_wconf 94' lang='lat' dir='ltr'>di·</span> 
     </span>
     <span class='ocr_line' id='line_1_8' title="bbox 286 1127 1463 1210; baseline 0.003 -22"><span class='ocrx_word' id='word_1_55' title='bbox 286 1130 446 1207; x_wconf 87' lang='lat' dir='ltr'>tissimam,</span> <span class='ocrx_word' id='word_1_56' title='bbox 474 1147 563 1208; x_wconf 90' lang='lat' dir='ltr'>quam</span> <span class='ocrx_word' id='word_1_57' title='bbox 590 1135 723 1207; x_wconf 90' lang='lat' dir='ltr'>ereptam</span> <span class='ocrx_word' id='word_1_58' title='bbox 751 1147 817 1188; x_wconf 88' lang='lat' dir='ltr'>esse</span> <span class='ocrx_word' id='word_1_59' title='bbox 846 1127 968 1189; x_wconf 87' lang='lat' dir='ltr'>Graecis</span> <span class='ocrx_word' id='word_1_60' title='bbox 995 1147 1174 1208; x_wconf 88' lang='lat' dir='ltr'>magnopere</span> <span class='ocrx_word' id='word_1_61' title='bbox 1203 1128 1362 1191; x_wconf 88' lang='lat' dir='ltr'>dolendum</span> <span class='ocrx_word' id='word_1_62' title='bbox 1392 1140 1463 1210; x_wconf 89' lang='lat' dir='ltr'>erat,</span> 
     </span>
     <span class='ocr_line' id='line_1_9' title="bbox 286 1224 1463 1308; baseline 0.003 -22"><span class='ocrx_word' id='word_1_63' title='bbox 286 1225 342 1286; x_wconf 94' lang='lat' dir='ltr'>sub</span> <span class='ocrx_word' id='word_1_64' title='bbox 371 1245 454 1286; x_wconf 90' lang='lat' dir='ltr'>suam</span> <span class='ocrx_word' id='word_1_65' title='bbox 482 1233 659 1305; x_wconf 90' lang='lat' dir='ltr'>potestatem</span> <span class='ocrx_word' id='word_1_66' title='bbox 688 1224 833 1304; x_wconf 82' lang='lat' dir='ltr'>redigere.</span> <span class='ocrx_word' id='word_1_67' title='bbox 885 1226 1079 1305; x_wconf 88' lang='lat' dir='ltr'>Expeditioue</span> <span class='ocrx_word' id='word_1_68' title='bbox 1108 1227 1184 1288; x_wconf 93' lang='lat' dir='ltr'>clam</span> <span class='ocrx_word' id='word_1_69' title='bbox 1207 1236 1381 1308; x_wconf 89' lang='lat' dir='ltr'>praeparata</span> <span class='ocrx_word' id='word_1_70' title='bbox 1404 1238 1463 1290; x_wconf 88' lang='lat' dir='ltr'>tre-</span> 
     </span>
     <span class='ocr_line' id='line_1_10' title="bbox 286 1322 1463 1405; baseline 0.004 -22"><span class='ocrx_word' id='word_1_71' title='bbox 286 1331 389 1384; x_wconf 90' lang='lat' dir='ltr'>centae</span> <span class='ocrx_word' id='word_1_72' title='bbox 418 1343 507 1384; x_wconf 86' lang='lat' dir='ltr'>naves</span> <span class='ocrx_word' id='word_1_73' title='bbox 531 1323 665 1384; x_wconf 81' lang='lat' dir='ltr'>Manuale</span> <span class='ocrx_word' id='word_1_74' title='bbox 694 1322 768 1383; x_wconf 92' lang='lat' dir='ltr'>duce</span> <span class='ocrx_word' id='word_1_75' title='bbox 793 1342 829 1383; x_wconf 88' lang='lat' dir='ltr'>ex</span> <span class='ocrx_word' id='word_1_76' title='bbox 852 1332 941 1403; x_wconf 91' lang='lat' dir='ltr'>portu</span> <span class='ocrx_word' id='word_1_77' title='bbox 965 1324 1289 1404; x_wconf 84' lang='lat' dir='ltr'>Constantinopolitano</span> <span class='ocrx_word' id='word_1_78' title='bbox 1312 1327 1463 1405; x_wconf 86' lang='lat' dir='ltr'>proiectae</span> 
     </span>
     <span class='ocr_line' id='line_1_11' title="bbox 286 1421 1463 1500; baseline 0.005 -20"><span class='ocrx_word' id='word_1_79' title='bbox 286 1421 396 1498; x_wconf 88' lang='lat' dir='ltr'>salvae,</span> <span class='ocrx_word' id='word_1_80' title='bbox 425 1440 493 1482; x_wconf 91' lang='lat' dir='ltr'>cum</span> <span class='ocrx_word' id='word_1_81' title='bbox 516 1421 567 1481; x_wconf 92' lang='lat' dir='ltr'>illo</span> <span class='ocrx_word' id='word_1_82' title='bbox 595 1430 729 1500; x_wconf 89' lang='lat' dir='ltr'>tempore</span> <span class='ocrx_word' id='word_1_83' title='bbox 753 1421 894 1482; x_wconf 87' lang='lat' dir='ltr'>Saraceni</span> <span class='ocrx_word' id='word_1_84' title='bbox 921 1424 952 1481; x_wconf 94' lang='lat' dir='ltr'>in</span> <span class='ocrx_word' id='word_1_85' title='bbox 980 1425 1056 1482; x_wconf 91' lang='lat' dir='ltr'>mari</span> <span class='ocrx_word' id='word_1_86' title='bbox 1079 1423 1211 1483; x_wconf 94' lang='lat' dir='ltr'>nondum</span> <span class='ocrx_word' id='word_1_87' title='bbox 1236 1424 1363 1486; x_wconf 92' lang='lat' dir='ltr'>multum</span> <span class='ocrx_word' id='word_1_88' title='bbox 1386 1425 1463 1486; x_wconf 88' lang='lat' dir='ltr'>vale·</span> 
     </span>
     <span class='ocr_line' id='line_1_12' title="bbox 286 1518 1463 1603; baseline 0.005 -25"><span class='ocrx_word' id='word_1_89' title='bbox 286 1527 361 1598; x_wconf 86' lang='lat' dir='ltr'>rent,</span> <span class='ocrx_word' id='word_1_90' title='bbox 385 1518 592 1580; x_wconf 80' lang='lat' dir='ltr'>Alexandriam</span> <span class='ocrx_word' id='word_1_91' title='bbox 611 1527 765 1580; x_wconf 85' lang='lat' dir='ltr'>venerunt</span> <span class='ocrx_word' id='word_1_92' title='bbox 812 1518 918 1580; x_wconf 88' lang='lat' dir='ltr'>Graeci</span> <span class='ocrx_word' id='word_1_93' title='bbox 938 1539 1058 1599; x_wconf 90' lang='lat' dir='ltr'>parvam</span> <span class='ocrx_word' id='word_1_94' title='bbox 1079 1539 1199 1581; x_wconf 91' lang='lat' dir='ltr'>manum</span> <span class='ocrx_word' id='word_1_95' title='bbox 1218 1522 1360 1601; x_wconf 91' lang='lat' dir='ltr'>Arabum,</span> <span class='ocrx_word' id='word_1_96' title='bbox 1385 1523 1463 1603; x_wconf 92' lang='lat' dir='ltr'>quod</span> 
     </span>
     <span class='ocr_line' id='line_1_13' title="bbox 284 1616 1462 1698; baseline 0.004 -22"><span class='ocrx_word' id='word_1_97' title='bbox 284 1616 469 1696; x_wconf 93' lang='lat' dir='ltr'>praesidium</span> <span class='ocrx_word' id='word_1_98' title='bbox 497 1619 528 1677; x_wconf 93' lang='lat' dir='ltr'>in</span> <span class='ocrx_word' id='word_1_99' title='bbox 556 1616 631 1677; x_wconf 89' lang='lat' dir='ltr'>urbe</span> <span class='ocrx_word' id='word_1_100' title='bbox 659 1619 790 1695; x_wconf 89' lang='lat' dir='ltr'>positum</span> <span class='ocrx_word' id='word_1_101' title='bbox 818 1625 895 1697; x_wconf 91' lang='lat' dir='ltr'>erat,</span> <span class='ocrx_word' id='word_1_102' title='bbox 924 1618 1009 1678; x_wconf 89' lang='lat' dir='ltr'>lacile</span> <span class='ocrx_word' id='word_1_103' title='bbox 1038 1619 1217 1698; x_wconf 87' lang='lat' dir='ltr'>expulerunt</span> <span class='ocrx_word' id='word_1_104' title='bbox 1244 1627 1274 1680; x_wconf 89' lang='lat' dir='ltr'>et</span> <span class='ocrx_word' id='word_1_105' title='bbox 1300 1620 1353 1680; x_wconf 90' lang='lat' dir='ltr'>tali</span> <span class='ocrx_word' id='word_1_106' title='bbox 1376 1621 1462 1681; x_wconf 93' lang='lat' dir='ltr'>modo</span> 
     </span>
     <span class='ocr_line' id='line_1_14' title="bbox 286 1715 1462 1798; baseline 0.005 -24"><span class='ocrx_word' id='word_1_107' title='bbox 286 1721 374 1793; x_wconf 92' lang='lat' dir='ltr'>caput</span> <span class='ocrx_word' id='word_1_108' title='bbox 396 1717 566 1794; x_wconf 90' lang='lat' dir='ltr'>provinciae</span> <span class='ocrx_word' id='word_1_109' title='bbox 594 1717 705 1775; x_wconf 90' lang='lat' dir='ltr'>iterum</span> <span class='ocrx_word' id='word_1_110' title='bbox 734 1715 788 1775; x_wconf 93' lang='lat' dir='ltr'>sub</span> <span class='ocrx_word' id='word_1_111' title='bbox 813 1718 973 1794; x_wconf 90' lang='lat' dir='ltr'>imperium</span> <span class='ocrx_word' id='word_1_112' title='bbox 998 1715 1204 1796; x_wconf 86' lang='lat' dir='ltr'>dicionemque</span> <span class='ocrx_word' id='word_1_113' title='bbox 1229 1736 1317 1778; x_wconf 92' lang='lat' dir='ltr'>suum</span> <span class='ocrx_word' id='word_1_114' title='bbox 1340 1718 1462 1798; x_wconf 88' lang='lat' dir='ltr'>redege-</span> 
     </span>
     <span class='ocr_line' id='line_1_15' title="bbox 285 1811 1464 1902; baseline 0.004 -30"><span class='ocrx_word' id='word_1_115' title='bbox 285 1820 364 1872; x_wconf 90' lang='lat' dir='ltr'>runt.</span> <span class='ocrx_word' id='word_1_116' title='bbox 410 1811 506 1872; x_wconf 88' lang='lat' dir='ltr'>Etiam</span> <span class='ocrx_word' id='word_1_117' title='bbox 530 1812 697 1892; x_wconf 86' lang='lat' dir='ltr'>complures</span> <span class='ocrx_word' id='word_1_118' title='bbox 721 1813 794 1873; x_wconf 88' lang='lat' dir='ltr'>aliae</span> <span class='ocrx_word' id='word_1_119' title='bbox 818 1812 917 1892; x_wconf 92' lang='lat' dir='ltr'>urbes,</span> <span class='ocrx_word' id='word_1_120' title='bbox 942 1832 1016 1892; x_wconf 89' lang='lat' dir='ltr'>quae</span> <span class='ocrx_word' id='word_1_121' title='bbox 1040 1817 1071 1874; x_wconf 92' lang='lat' dir='ltr'>in</span> <span class='ocrx_word' id='word_1_122' title='bbox 1090 1813 1175 1902; x_wconf 82' lang='lat' dir='ltr'>Delta</span> <span class='ocrx_word' id='word_1_123' title='bbox 1193 1811 1271 1876; x_wconf 89' lang='lat' dir='ltr'>sitae</span> <span class='ocrx_word' id='word_1_124' title='bbox 1292 1825 1377 1877; x_wconf 89' lang='lat' dir='ltr'>erant</span> <span class='ocrx_word' id='word_1_125' title='bbox 1395 1819 1464 1896; x_wconf 89' lang='lat' dir='ltr'>iugo</span> 
     </span>
     <span class='ocr_line' id='line_1_16' title="bbox 284 1909 1462 1993; baseline 0.004 -24"><span class='ocrx_word' id='word_1_126' title='bbox 284 1909 414 1970; x_wconf 83' lang='lat' dir='ltr'>Arabum</span> <span class='ocrx_word' id='word_1_127' title='bbox 445 1910 558 1971; x_wconf 89' lang='lat' dir='ltr'>deiecto</span> <span class='ocrx_word' id='word_1_128' title='bbox 588 1929 655 1971; x_wconf 93' lang='lat' dir='ltr'>cum</span> <span class='ocrx_word' id='word_1_129' title='bbox 680 1909 801 1972; x_wconf 90' lang='lat' dir='ltr'>Graccis</span> <span class='ocrx_word' id='word_1_130' title='bbox 830 1912 973 1972; x_wconf 88' lang='lat' dir='ltr'>lecerunt.</span> <span class='ocrx_word' id='word_1_131' title='bbox 1025 1911 1062 1972; x_wconf 93' lang='lat' dir='ltr'>Ut</span> <span class='ocrx_word' id='word_1_132' title='bbox 1084 1912 1203 1974; x_wconf 89' lang='lat' dir='ltr'>Arabici</span> <span class='ocrx_word' id='word_1_133' title='bbox 1231 1922 1367 1975; x_wconf 90' lang='lat' dir='ltr'>auctores</span> <span class='ocrx_word' id='word_1_134' title='bbox 1394 1933 1462 1993; x_wconf 91' lang='lat' dir='ltr'>pro·</span> 
     </span>
     <span class='ocr_line' id='line_1_17' title="bbox 286 2002 1460 2096; baseline 0.006 -29"><span class='ocrx_word' id='word_1_135' title='bbox 286 2007 372 2086; x_wconf 92' lang='lat' dir='ltr'>dunt,</span> <span class='ocrx_word' id='word_1_136' title='bbox 401 2007 507 2068; x_wconf 88' lang='lat' dir='ltr'>Gracci</span> <span class='ocrx_word' id='word_1_137' title='bbox 529 2010 651 2069; x_wconf 90' lang='lat' dir='ltr'>ineunte</span> <span class='ocrx_word' id='word_1_138' title='bbox 675 2027 752 2068; x_wconf 93' lang='lat' dir='ltr'>anno</span> <span class='ocrx_word' id='word_1_139' title='bbox 776 2008 891 2087; x_wconf 84' lang='lat' dir='ltr'>Hegree</span> <span class='ocrx_word' id='word_1_140' title='bbox 916 2005 958 2069; x_wconf 76' lang='lat'>25</span> <span class='ocrx_word' id='word_1_141' title='bbox 979 2002 1036 2092; x_wconf 82' lang='lat'>(28</span> <span class='ocrx_word' id='word_1_142' title='bbox 1053 2009 1116 2070; x_wconf 88' lang='lat' dir='ltr'>Oct.</span> <span class='ocrx_word' id='word_1_143' title='bbox 1132 2007 1284 2072; x_wconf 75' lang='lat'>645—17</span> <span class='ocrx_word' id='word_1_144' title='bbox 1302 2012 1365 2073; x_wconf 89' lang='lat' dir='ltr'>Oct.</span> <span class='ocrx_word' id='word_1_145' title='bbox 1381 2007 1460 2096; x_wconf 86' lang='grc'>646)</span> 
     </span>
     <span class='ocr_line' id='line_1_18' title="bbox 285 2105 839 2185; baseline 0.002 -20"><span class='ocrx_word' id='word_1_146' title='bbox 285 2105 493 2166; x_wconf 85' lang='lat' dir='ltr'>Alexandriam</span> <span class='ocrx_word' id='word_1_147' title='bbox 517 2113 744 2185; x_wconf 86' lang='lat' dir='ltr'>occupaverunt</span> <span class='ocrx_word' id='word_1_148' title='bbox 837 2137 839 2144; x_wconf 42' lang='lat' dir='ltr'>v</span> 
     </span>
    </p>

    <p class='ocr_par' dir='ltr' id='par_1_3' title="bbox 265 2203 1488 2580">
     <span class='ocr_line' id='line_1_19' title="bbox 375 2203 1462 2287; baseline 0.004 -23"><span class='ocrx_word' id='word_1_149' title='bbox 375 2203 502 2287; x_wconf 86' lang='lat' dir='ltr'>Othman</span> <span class='ocrx_word' id='word_1_150' title='bbox 521 2203 626 2264; x_wconf 90' lang='lat' dir='ltr'>chalila</span> <span class='ocrx_word' id='word_1_151' title='bbox 646 2223 713 2264; x_wconf 86' lang='lat' dir='ltr'>cum</span> <span class='ocrx_word' id='word_1_152' title='bbox 734 2204 769 2264; x_wconf 90' lang='lat' dir='ltr'>de</span> <span class='ocrx_word' id='word_1_153' title='bbox 788 2205 834 2264; x_wconf 93' lang='lat' dir='ltr'>his</span> <span class='ocrx_word' id='word_1_154' title='bbox 854 2204 944 2265; x_wconf 90' lang='lat' dir='ltr'>rebus</span> <span class='ocrx_word' id='word_1_155' title='bbox 964 2208 1074 2266; x_wconf 88' lang='lat' dir='ltr'>certior</span> <span class='ocrx_word' id='word_1_156' title='bbox 1092 2206 1188 2266; x_wconf 88' lang='lat' dir='ltr'>lactus</span> <span class='ocrx_word' id='word_1_157' title='bbox 1203 2215 1291 2286; x_wconf 90' lang='lat' dir='ltr'>esset,</span> <span class='ocrx_word' id='word_1_158' title='bbox 1310 2207 1462 2287; x_wconf 93' lang='lat' dir='ltr'>Ambrum,</span> 
     </span>
     <span class='ocr_line' id='line_1_20' title="bbox 265 2303 1461 2384; baseline 0.004 -23"><span class='ocrx_word' id='word_1_159' title='bbox 265 2303 395 2380; x_wconf 49' lang='lat' dir='ltr'>¹quippe</span> <span class='ocrx_word' id='word_1_160' title='bbox 419 2305 471 2381; x_wconf 89' lang='lat' dir='ltr'>qui</span> <span class='ocrx_word' id='word_1_161' title='bbox 494 2305 604 2381; x_wconf 90' lang='lat' dir='ltr'>optime</span> <span class='ocrx_word' id='word_1_162' title='bbox 628 2321 677 2362; x_wconf 89' lang='lat' dir='ltr'>res</span> <span class='ocrx_word' id='word_1_163' title='bbox 695 2303 851 2381; x_wconf 85' lang='lat' dir='ltr'>Aegyptias</span> <span class='ocrx_word' id='word_1_164' title='bbox 870 2305 1008 2382; x_wconf 89' lang='lat' dir='ltr'>novisset,</span> <span class='ocrx_word' id='word_1_165' title='bbox 1033 2306 1177 2364; x_wconf 89' lang='lat' dir='ltr'>exercitui</span> <span class='ocrx_word' id='word_1_166' title='bbox 1199 2303 1333 2384; x_wconf 90' lang='lat' dir='ltr'>Arabico,</span> <span class='ocrx_word' id='word_1_167' title='bbox 1357 2307 1461 2384; x_wconf 86' lang='lat' dir='ltr'>quiin</span> 
     </span>
     <span class='ocr_line' id='line_1_21' title="bbox 284 2397 1488 2482; baseline 0.004 -23"><span class='ocrx_word' id='word_1_168' title='bbox 284 2399 340 2460; x_wconf 90' lang='lat' dir='ltr'>bac</span> <span class='ocrx_word' id='word_1_169' title='bbox 362 2402 514 2479; x_wconf 88' lang='lat' dir='ltr'>provincia</span> <span class='ocrx_word' id='word_1_170' title='bbox 544 2402 611 2478; x_wconf 90' lang='lat' dir='ltr'>luit,</span> <span class='ocrx_word' id='word_1_171' title='bbox 640 2401 795 2479; x_wconf 86' lang='lat' dir='ltr'>praefecit,</span> <span class='ocrx_word' id='word_1_172' title='bbox 823 2409 857 2460; x_wconf 94' lang='lat' dir='ltr'>ut</span> <span class='ocrx_word' id='word_1_173' title='bbox 884 2408 995 2460; x_wconf 91' lang='lat' dir='ltr'>terram</span> <span class='ocrx_word' id='word_1_174' title='bbox 1024 2421 1040 2461; x_wconf 95' lang='lat' dir='ltr'>a</span> <span class='ocrx_word' id='word_1_175' title='bbox 1065 2401 1185 2462; x_wconf 87' lang='lat' dir='ltr'>Graecis</span> <span class='ocrx_word' id='word_1_176' title='bbox 1209 2411 1382 2482; x_wconf 88' lang='lat' dir='ltr'>occupatam</span> <span class='ocrx_word' id='word_1_177' title='bbox 1407 2403 1461 2464; x_wconf 92' lang='lat' dir='ltr'>sub</span> <span class='ocrx_word' id='word_1_178' title='bbox 1487 2397 1488 2400; x_wconf 47' lang='lat'>&#39;</span> 
     </span>
     <span class='ocr_line' id='line_1_22' title="bbox 286 2497 1461 2580; baseline 0.004 -22"><span class='ocrx_word' id='word_1_179' title='bbox 286 2517 370 2558; x_wconf 91' lang='lat' dir='ltr'>suam</span> <span class='ocrx_word' id='word_1_180' title='bbox 393 2506 571 2576; x_wconf 88' lang='lat' dir='ltr'>potestatem</span> <span class='ocrx_word' id='word_1_181' title='bbox 595 2498 751 2576; x_wconf 88' lang='lat' dir='ltr'>redigeret.</span> <span class='ocrx_word' id='word_1_182' title='bbox 798 2497 878 2568; x_wconf 85' lang='lat' dir='ltr'>Quae</span> <span class='ocrx_word' id='word_1_183' title='bbox 902 2517 952 2559; x_wconf 88' lang='lat' dir='ltr'>res</span> <span class='ocrx_word' id='word_1_184' title='bbox 976 2499 1141 2560; x_wconf 89' lang='lat' dir='ltr'>cornelius</span> <span class='ocrx_word' id='word_1_185' title='bbox 1166 2503 1268 2580; x_wconf 77' lang='lat' dir='ltr'>cessit,</span> <span class='ocrx_word' id='word_1_186' title='bbox 1292 2501 1371 2580; x_wconf 92' lang='lat' dir='ltr'>quod</span> <span class='ocrx_word' id='word_1_187' title='bbox 1394 2502 1461 2562; x_wconf 95' lang='lat' dir='ltr'>Am·</span> 
     </span>
    </p>
   </div>
   <div class='ocr_carea' id='block_1_3' title="bbox 283 2594 1462 3162">
    <p class='ocr_par' dir='ltr' id='par_1_4' title="bbox 283 2594 1462 3162">
     <span class='ocr_line' id='line_1_23' title="bbox 284 2594 1461 2678; baseline 0.004 -23"><span class='ocrx_word' id='word_1_188' title='bbox 284 2594 358 2656; x_wconf 92' lang='lat' dir='ltr'>brus</span> <span class='ocrx_word' id='word_1_189' title='bbox 387 2598 476 2656; x_wconf 90' lang='lat' dir='ltr'>etiam</span> <span class='ocrx_word' id='word_1_190' title='bbox 504 2605 576 2656; x_wconf 88' lang='lat' dir='ltr'>tunc</span> <span class='ocrx_word' id='word_1_191' title='bbox 599 2596 755 2675; x_wconf 83' lang='lat' dir='ltr'>Aegyptios</span> <span class='ocrx_word' id='word_1_192' title='bbox 783 2595 938 2674; x_wconf 88' lang='lat' dir='ltr'>indigenas</span> <span class='ocrx_word' id='word_1_193' title='bbox 963 2600 1040 2657; x_wconf 89' lang='lat' dir='ltr'>sieut</span> <span class='ocrx_word' id='word_1_194' title='bbox 1063 2606 1162 2676; x_wconf 92' lang='lat' dir='ltr'>antea,</span> <span class='ocrx_word' id='word_1_195' title='bbox 1186 2617 1254 2659; x_wconf 92' lang='lat' dir='ltr'>cum</span> <span class='ocrx_word' id='word_1_196' title='bbox 1277 2601 1407 2678; x_wconf 91' lang='lat' dir='ltr'>primum</span> <span class='ocrx_word' id='word_1_197' title='bbox 1430 2603 1461 2660; x_wconf 95' lang='lat' dir='ltr'>in</span> 
     </span>
     <span class='ocr_line' id='line_1_24' title="bbox 284 2693 1461 2774; baseline 0.004 -22"><span class='ocrx_word' id='word_1_198' title='bbox 284 2693 449 2772; x_wconf 78' lang='lat' dir='ltr'>Aegyptum</span> <span class='ocrx_word' id='word_1_199' title='bbox 485 2697 714 2772; x_wconf 84' lang='lat' dir='ltr'>penetravisset,</span> <span class='ocrx_word' id='word_1_200' title='bbox 752 2694 852 2754; x_wconf 90' lang='lat' dir='ltr'>hostes</span> <span class='ocrx_word' id='word_1_201' title='bbox 889 2696 1085 2774; x_wconf 89' lang='lat' dir='ltr'>inimicosque</span> <span class='ocrx_word' id='word_1_202' title='bbox 1124 2695 1303 2756; x_wconf 89' lang='lat' dir='ltr'>Graecorum</span> <span class='ocrx_word' id='word_1_203' title='bbox 1340 2699 1461 2758; x_wconf 91' lang='lat' dir='ltr'>invenit.</span> 
     </span>
     <span class='ocr_line' id='line_1_25' title="bbox 285 2789 1461 2874; baseline 0.004 -24"><span class='ocrx_word' id='word_1_204' title='bbox 285 2789 390 2851; x_wconf 88' lang='lat' dir='ltr'>Graeci</span> <span class='ocrx_word' id='word_1_205' title='bbox 422 2793 502 2851; x_wconf 91' lang='lat' dir='ltr'>enim</span> <span class='ocrx_word' id='word_1_206' title='bbox 532 2810 592 2851; x_wconf 90' lang='lat' dir='ltr'>non</span> <span class='ocrx_word' id='word_1_207' title='bbox 622 2791 709 2851; x_wconf 91' lang='lat' dir='ltr'>modo</span> <span class='ocrx_word' id='word_1_208' title='bbox 737 2791 894 2870; x_wconf 82' lang='lat' dir='ltr'>Aegyptios</span> <span class='ocrx_word' id='word_1_209' title='bbox 925 2791 983 2852; x_wconf 90' lang='lat' dir='ltr'>sibi</span> <span class='ocrx_word' id='word_1_210' title='bbox 1013 2811 1072 2852; x_wconf 91' lang='lat' dir='ltr'>non</span> <span class='ocrx_word' id='word_1_211' title='bbox 1103 2793 1335 2855; x_wconf 89' lang='lat' dir='ltr'>conciliaverunt</span> <span class='ocrx_word' id='word_1_212' title='bbox 1364 2813 1461 2874; x_wconf 90' lang='lat' dir='ltr'>neque</span> 
     </span>
     <span class='ocr_line' id='line_1_26' title="bbox 285 2889 1462 2970; baseline 0.005 -22"><span class='ocrx_word' id='word_1_213' title='bbox 285 2907 387 2948; x_wconf 90' lang='lat' dir='ltr'>secum</span> <span class='ocrx_word' id='word_1_214' title='bbox 425 2897 527 2949; x_wconf 90' lang='lat' dir='ltr'>contra</span> <span class='ocrx_word' id='word_1_215' title='bbox 566 2908 752 2949; x_wconf 90' lang='lat' dir='ltr'>communem</span> <span class='ocrx_word' id='word_1_216' title='bbox 790 2889 904 2949; x_wconf 89' lang='lat' dir='ltr'>bostem</span> <span class='ocrx_word' id='word_1_217' title='bbox 942 2893 1172 2970; x_wconf 89' lang='lat' dir='ltr'>coniunxerunt,</span> <span class='ocrx_word' id='word_1_218' title='bbox 1210 2891 1263 2952; x_wconf 89' lang='lat' dir='ltr'>sed</span> <span class='ocrx_word' id='word_1_219' title='bbox 1300 2895 1388 2953; x_wconf 89' lang='lat' dir='ltr'>etiam</span> <span class='ocrx_word' id='word_1_220' title='bbox 1426 2911 1462 2953; x_wconf 91' lang='lat' dir='ltr'>ex</span> 
     </span>
     <span class='ocr_line' id='line_1_27' title="bbox 283 2979 1461 3068; baseline 0.004 -22"><span class='ocrx_word' id='word_1_221' title='bbox 283 2985 460 3047; x_wconf 83' lang='lat' dir='ltr'>Alexandria</span> <span class='ocrx_word' id='word_1_222' title='bbox 494 2996 688 3047; x_wconf 85' lang='lat' dir='ltr'>excurrentes</span> <span class='ocrx_word' id='word_1_223' title='bbox 721 2986 787 3046; x_wconf 92' lang='lat' dir='ltr'>illos</span> <span class='ocrx_word' id='word_1_224' title='bbox 820 2987 920 3048; x_wconf 90' lang='lat' dir='ltr'>hostes</span> <span class='ocrx_word' id='word_1_225' title='bbox 952 2996 1153 3049; x_wconf 89' lang='lat' dir='ltr'>tractavemnt</span> <span class='ocrx_word' id='word_1_226' title='bbox 1186 3008 1348 3068; x_wconf 90' lang='lat' dir='ltr'>eorumque</span> <span class='ocrx_word' id='word_1_227' title='bbox 1380 2979 1461 3052; x_wconf 89' lang='lat' dir='ltr'>vicos</span> 
     </span>
     <span class='ocr_line' id='line_1_28' title="bbox 286 3083 1461 3162; baseline 0.003 -18"><span class='ocrx_word' id='word_1_228' title='bbox 286 3083 476 3162; x_wconf 89' lang='lat' dir='ltr'>diripuerunt</span> <span class='ocrx_word' id='word_1_229' title='bbox 495 3093 523 3145; x_wconf 85' lang='lat' dir='ltr'>et</span> <span class='ocrx_word' id='word_1_230' title='bbox 543 3093 739 3146; x_wconf 87' lang='lat' dir='ltr'>vastaverunt.</span> <span class='ocrx_word' id='word_1_231' title='bbox 777 3083 924 3145; x_wconf 87' lang='lat' dir='ltr'>Nimirum</span> <span class='ocrx_word' id='word_1_232' title='bbox 943 3086 1016 3146; x_wconf 92' lang='lat' dir='ltr'>baec</span> <span class='ocrx_word' id='word_1_233' title='bbox 1036 3087 1159 3147; x_wconf 90' lang='lat' dir='ltr'>consilia</span> <span class='ocrx_word' id='word_1_234' title='bbox 1179 3087 1353 3148; x_wconf 89' lang='lat' dir='ltr'>stultissima</span> <span class='ocrx_word' id='word_1_235' title='bbox 1369 3097 1461 3149; x_wconf 90' lang='lat' dir='ltr'>teme·</span> 
     </span>
    </p>
   </div>
   <div class='ocr_carea' id='block_1_4' title="bbox 267 3181 1462 4340">
    <p class='ocr_par' dir='ltr' id='par_1_5' title="bbox 267 3181 1462 4340">
     <span class='ocr_line' id='line_1_29' title="bbox 285 3181 1462 3262; baseline 0.004 -21"><span class='ocrx_word' id='word_1_236' title='bbox 285 3183 422 3260; x_wconf 76' lang='lat' dir='ltr'>uariaque</span> <span class='ocrx_word' id='word_1_237' title='bbox 447 3182 537 3242; x_wconf 89' lang='lat' dir='ltr'>rebus</span> <span class='ocrx_word' id='word_1_238' title='bbox 562 3181 682 3243; x_wconf 88' lang='lat' dir='ltr'>Graecis</span> <span class='ocrx_word' id='word_1_239' title='bbox 706 3201 799 3261; x_wconf 89' lang='lat' dir='ltr'>aeque</span> <span class='ocrx_word' id='word_1_240' title='bbox 824 3190 911 3262; x_wconf 92' lang='lat' dir='ltr'>atque</span> <span class='ocrx_word' id='word_1_241' title='bbox 931 3192 1016 3244; x_wconf 90' lang='lat' dir='ltr'>antea</span> <span class='ocrx_word' id='word_1_242' title='bbox 1035 3203 1142 3245; x_wconf 90' lang='lat' dir='ltr'>nocere</span> <span class='ocrx_word' id='word_1_243' title='bbox 1165 3193 1195 3245; x_wconf 90' lang='lat' dir='ltr'>et</span> <span class='ocrx_word' id='word_1_244' title='bbox 1214 3187 1256 3245; x_wconf 90' lang='lat' dir='ltr'>eis</span> <span class='ocrx_word' id='word_1_245' title='bbox 1275 3188 1462 3246; x_wconf 92' lang='lat' dir='ltr'>occasionem</span> 
     </span>
     <span class='ocr_line' id='line_1_30' title="bbox 285 3280 1461 3358; baseline 0.004 -20"><span class='ocrx_word' id='word_1_246' title='bbox 285 3280 377 3338; x_wconf 92' lang='lat' dir='ltr'>totius</span> <span class='ocrx_word' id='word_1_247' title='bbox 409 3281 579 3358; x_wconf 89' lang='lat' dir='ltr'>provinciae</span> <span class='ocrx_word' id='word_1_248' title='bbox 612 3280 801 3358; x_wconf 89' lang='lat' dir='ltr'>recipiendae</span> <span class='ocrx_word' id='word_1_249' title='bbox 835 3280 955 3341; x_wconf 90' lang='lat' dir='ltr'>demere</span> <span class='ocrx_word' id='word_1_250' title='bbox 988 3300 1111 3343; x_wconf 88' lang='lat' dir='ltr'>necesse</span> <span class='ocrx_word' id='word_1_251' title='bbox 1144 3291 1215 3344; x_wconf 91' lang='lat' dir='ltr'>erat.</span> <span class='ocrx_word' id='word_1_252' title='bbox 1263 3283 1321 3344; x_wconf 90' lang='lat' dir='ltr'>Sed</span> <span class='ocrx_word' id='word_1_253' title='bbox 1345 3285 1461 3345; x_wconf 89' lang='lat' dir='ltr'>etiamsi</span> 
     </span>
     <span class='ocr_line' id='line_1_31' title="bbox 285 3375 1460 3460; baseline 0.007 -26"><span class='ocrx_word' id='word_1_254' title='bbox 285 3375 422 3454; x_wconf 81' lang='lat' dir='ltr'>Aegyptii</span> <span class='ocrx_word' id='word_1_255' title='bbox 441 3375 622 3438; x_wconf 85' lang='lat' dir='ltr'>Graecorum</span> <span class='ocrx_word' id='word_1_256' title='bbox 647 3377 810 3438; x_wconf 87' lang='lat' dir='ltr'>adversarii</span> <span class='ocrx_word' id='word_1_257' title='bbox 832 3377 955 3456; x_wconf 92' lang='lat' dir='ltr'>putandi</span> <span class='ocrx_word' id='word_1_258' title='bbox 980 3388 1071 3459; x_wconf 91' lang='lat' dir='ltr'>erant,</span> <span class='ocrx_word' id='word_1_259' title='bbox 1096 3388 1195 3441; x_wconf 87' lang='lat' dir='ltr'>tamen</span> <span class='ocrx_word' id='word_1_260' title='bbox 1219 3400 1286 3442; x_wconf 93' lang='lat' dir='ltr'>cum</span> <span class='ocrx_word' id='word_1_261' title='bbox 1310 3381 1460 3460; x_wconf 79' lang='lat' dir='ltr'>AgareniS,</span> 
     </span>
     <span class='ocr_line' id='line_1_32' title="bbox 267 3473 1461 3554; baseline 0.007 -22"><span class='ocrx_word' id='word_1_262' title='bbox 267 3475 337 3552; x_wconf 70' lang='lat' dir='ltr'>,qui</span> <span class='ocrx_word' id='word_1_263' title='bbox 361 3473 470 3533; x_wconf 93' lang='lat' dir='ltr'>Ambro</span> <span class='ocrx_word' id='word_1_264' title='bbox 495 3473 569 3535; x_wconf 91' lang='lat' dir='ltr'>duce</span> <span class='ocrx_word' id='word_1_265' title='bbox 594 3482 793 3554; x_wconf 84' lang='lat' dir='ltr'>accesserunt,</span> <span class='ocrx_word' id='word_1_266' title='bbox 817 3494 939 3553; x_wconf 88' lang='lat' dir='ltr'>prorsus</span> <span class='ocrx_word' id='word_1_267' title='bbox 963 3478 1069 3538; x_wconf 85' lang='lat' dir='ltr'>secisse</span> <span class='ocrx_word' id='word_1_268' title='bbox 1093 3497 1153 3538; x_wconf 91' lang='lat' dir='ltr'>non</span> <span class='ocrx_word' id='word_1_269' title='bbox 1176 3477 1322 3540; x_wconf 88' lang='lat' dir='ltr'>videntur.</span> <span class='ocrx_word' id='word_1_270' title='bbox 1368 3479 1461 3540; x_wconf 92' lang='lat' dir='ltr'>immo</span> 
     </span>
     <span class='ocr_line' id='line_1_33' title="bbox 283 3573 1460 3657; baseline 0.005 -25"><span class='ocrx_word' id='word_1_271' title='bbox 283 3574 382 3651; x_wconf 90' lang='lat' dir='ltr'>potius</span> <span class='ocrx_word' id='word_1_272' title='bbox 411 3591 461 3632; x_wconf 91' lang='lat' dir='ltr'>eos</span> <span class='ocrx_word' id='word_1_273' title='bbox 490 3573 525 3632; x_wconf 93' lang='lat' dir='ltr'>ab</span> <span class='ocrx_word' id='word_1_274' title='bbox 554 3573 700 3634; x_wconf 89' lang='lat' dir='ltr'>Arabibus</span> <span class='ocrx_word' id='word_1_275' title='bbox 728 3577 759 3633; x_wconf 95' lang='lat' dir='ltr'>in</span> <span class='ocrx_word' id='word_1_276' title='bbox 787 3592 912 3634; x_wconf 89' lang='lat' dir='ltr'>numero</span> <span class='ocrx_word' id='word_1_277' title='bbox 938 3575 1068 3636; x_wconf 88' lang='lat' dir='ltr'>bostium</span> <span class='ocrx_word' id='word_1_278' title='bbox 1095 3576 1212 3637; x_wconf 91' lang='lat' dir='ltr'>habitos</span> <span class='ocrx_word' id='word_1_279' title='bbox 1240 3596 1307 3638; x_wconf 89' lang='lat' dir='ltr'>esse</span> <span class='ocrx_word' id='word_1_280' title='bbox 1331 3585 1460 3657; x_wconf 91' lang='lat' dir='ltr'>apparet,</span> 
     </span>
     <span class='ocr_line' id='line_1_34' title="bbox 285 3669 1460 3755; baseline 0.007 -26"><span class='ocrx_word' id='word_1_281' title='bbox 285 3672 310 3730; x_wconf 93' lang='lat' dir='ltr'>si</span> <span class='ocrx_word' id='word_1_282' title='bbox 334 3669 407 3730; x_wconf 92' lang='lat' dir='ltr'>tides</span> <span class='ocrx_word' id='word_1_283' title='bbox 431 3669 523 3730; x_wconf 91' lang='lat' dir='ltr'>tribui</span> <span class='ocrx_word' id='word_1_284' title='bbox 546 3679 643 3749; x_wconf 91' lang='lat' dir='ltr'>potest</span> <span class='ocrx_word' id='word_1_285' title='bbox 666 3671 774 3750; x_wconf 87' lang='lat' dir='ltr'>verbis,</span> <span class='ocrx_word' id='word_1_286' title='bbox 799 3671 908 3750; x_wconf 85' lang='lat' dir='ltr'>quibus</span> <span class='ocrx_word' id='word_1_287' title='bbox 928 3672 1062 3752; x_wconf 87' lang='lat' dir='ltr'>Ambrus,</span> <span class='ocrx_word' id='word_1_288' title='bbox 1087 3694 1156 3735; x_wconf 90' lang='lat' dir='ltr'>cum</span> <span class='ocrx_word' id='word_1_289' title='bbox 1179 3675 1215 3734; x_wconf 93' lang='lat' dir='ltr'>ad</span> <span class='ocrx_word' id='word_1_290' title='bbox 1238 3675 1348 3736; x_wconf 88' lang='lat' dir='ltr'>bellum</span> <span class='ocrx_word' id='word_1_291' title='bbox 1371 3677 1460 3755; x_wconf 87' lang='lat' dir='ltr'>proii-</span> 
     </span>
     <span class='ocr_line' id='line_1_35' title="bbox 284 3768 1460 3852; baseline 0.006 -25"><span class='ocrx_word' id='word_1_292' title='bbox 284 3770 400 3828; x_wconf 89' lang='lat' dir='ltr'>ciscens</span> <span class='ocrx_word' id='word_1_293' title='bbox 434 3787 449 3828; x_wconf 95' lang='lat' dir='ltr'>a</span> <span class='ocrx_word' id='word_1_294' title='bbox 482 3768 588 3828; x_wconf 86' lang='lat' dir='ltr'>cbalila</span> <span class='ocrx_word' id='word_1_295' title='bbox 621 3778 793 3830; x_wconf 90' lang='lat' dir='ltr'>moneretur</span> <span class='ocrx_word' id='word_1_296' title='bbox 825 3773 925 3830; x_wconf 91' lang='lat' dir='ltr'>statim</span> <span class='ocrx_word' id='word_1_297' title='bbox 958 3769 1085 3830; x_wconf 86' lang='lat' dir='ltr'>Graecos</span> <span class='ocrx_word' id='word_1_298' title='bbox 1119 3771 1252 3851; x_wconf 85' lang='lat' dir='ltr'>aggredi,</span> <span class='ocrx_word' id='word_1_299' title='bbox 1286 3775 1460 3852; x_wconf 90' lang='lat' dir='ltr'>priusquam</span> 
     </span>
     <span class='ocr_line' id='line_1_36' title="bbox 285 3865 1460 3949; baseline 0.005 -24"><span class='ocrx_word' id='word_1_300' title='bbox 285 3865 402 3926; x_wconf 91' lang='lat' dir='ltr'>auxiliis</span> <span class='ocrx_word' id='word_1_301' title='bbox 427 3868 506 3926; x_wconf 86' lang='lat' dir='ltr'>aucti</span> <span class='ocrx_word' id='word_1_302' title='bbox 529 3875 637 3946; x_wconf 88' lang='lat' dir='ltr'>essent,</span> <span class='ocrx_word' id='word_1_303' title='bbox 660 3886 733 3928; x_wconf 87' lang='lat' dir='ltr'>usus</span> <span class='ocrx_word' id='word_1_304' title='bbox 758 3887 823 3928; x_wconf 91' lang='lat' dir='ltr'>esse</span> <span class='ocrx_word' id='word_1_305' title='bbox 849 3867 970 3928; x_wconf 90' lang='lat' dir='ltr'>dicitur:</span> <span class='ocrx_word' id='word_1_306' title='bbox 995 3867 1168 3948; x_wconf 89' lang='lat' dir='ltr'>„0pperiar,</span> <span class='ocrx_word' id='word_1_307' title='bbox 1193 3869 1263 3930; x_wconf 92' lang='lat' dir='ltr'>dum</span> <span class='ocrx_word' id='word_1_308' title='bbox 1286 3889 1333 3930; x_wconf 91' lang='lat' dir='ltr'>me</span> <span class='ocrx_word' id='word_1_309' title='bbox 1358 3889 1460 3949; x_wconf 86' lang='lat' dir='ltr'>aggre-</span> 
     </span>
     <span class='ocr_line' id='line_1_37' title="bbox 284 3962 1461 4046; baseline 0.006 -24"><span class='ocrx_word' id='word_1_310' title='bbox 284 3962 412 4024; x_wconf 92' lang='lat' dir='ltr'>diantur.</span> <span class='ocrx_word' id='word_1_311' title='bbox 463 3963 537 4024; x_wconf 89' lang='lat' dir='ltr'>Nam</span> <span class='ocrx_word' id='word_1_312' title='bbox 566 3964 676 4025; x_wconf 88' lang='lat' dir='ltr'>incolas</span> <span class='ocrx_word' id='word_1_313' title='bbox 706 3965 854 4026; x_wconf 89' lang='lat' dir='ltr'>vexabunt</span> <span class='ocrx_word' id='word_1_314' title='bbox 881 3973 910 4026; x_wconf 92' lang='lat' dir='ltr'>et</span> <span class='ocrx_word' id='word_1_315' title='bbox 939 3965 1011 4027; x_wconf 92' lang='lat' dir='ltr'>deus</span> <span class='ocrx_word' id='word_1_316' title='bbox 1040 3965 1161 4027; x_wconf 90' lang='lat' dir='ltr'>alteram</span> <span class='ocrx_word' id='word_1_317' title='bbox 1189 3975 1304 4046; x_wconf 90' lang='lat' dir='ltr'>partem</span> <span class='ocrx_word' id='word_1_318' title='bbox 1330 3969 1461 4030; x_wconf 88' lang='lat' dir='ltr'>bostium</span> 
     </span>
     <span class='ocr_line' id='line_1_38' title="bbox 283 4052 1460 4146; baseline 0.006 -26"><span class='ocrx_word' id='word_1_319' title='bbox 283 4069 455 4122; x_wconf 90' lang='lat' dir='ltr'>nostrorum</span> <span class='ocrx_word' id='word_1_320' title='bbox 478 4080 533 4140; x_wconf 91' lang='lat' dir='ltr'>per</span> <span class='ocrx_word' id='word_1_321' title='bbox 556 4061 678 4122; x_wconf 88' lang='lat' dir='ltr'>alteram</span> <span class='ocrx_word' id='word_1_322' title='bbox 702 4061 835 4141; x_wconf 86' lang='lat' dir='ltr'>perdet.“</span> <span class='ocrx_word' id='word_1_323' title='bbox 880 4064 954 4124; x_wconf 91' lang='lat' dir='ltr'>Ante</span> <span class='ocrx_word' id='word_1_324' title='bbox 977 4052 1079 4124; x_wconf 89' lang='lat' dir='ltr'>muros</span> <span class='ocrx_word' id='word_1_325' title='bbox 1103 4065 1187 4126; x_wconf 91' lang='lat' dir='ltr'>urbis</span> <span class='ocrx_word' id='word_1_326' title='bbox 1206 4065 1293 4127; x_wconf 91' lang='lat' dir='ltr'>Niciu</span> <span class='ocrx_word' id='word_1_327' title='bbox 1317 4073 1346 4126; x_wconf 90' lang='lat' dir='ltr'>et</span> <span class='ocrx_word' id='word_1_328' title='bbox 1367 4085 1460 4146; x_wconf 90' lang='lat' dir='ltr'>prope</span> 
     </span>
     <span class='ocr_line' id='line_1_39' title="bbox 284 4153 1460 4243; baseline 0.006 -26"><span class='ocrx_word' id='word_1_329' title='bbox 284 4156 321 4217; x_wconf 96' lang='lat' dir='ltr'>ad</span> <span class='ocrx_word' id='word_1_330' title='bbox 345 4153 487 4242; x_wconf 79' lang='lat' dir='ltr'>fossam1)</span> <span class='ocrx_word' id='word_1_331' title='bbox 513 4162 662 4220; x_wconf 90' lang='lat' dir='ltr'>exercitus</span> <span class='ocrx_word' id='word_1_332' title='bbox 682 4159 811 4221; x_wconf 89' lang='lat' dir='ltr'>Graecus</span> <span class='ocrx_word' id='word_1_333' title='bbox 831 4168 861 4221; x_wconf 87' lang='lat' dir='ltr'>et</span> <span class='ocrx_word' id='word_1_334' title='bbox 879 4160 1022 4221; x_wconf 92' lang='lat' dir='ltr'>Arabicus</span> <span class='ocrx_word' id='word_1_335' title='bbox 1045 4171 1270 4224; x_wconf 88' lang='lat' dir='ltr'>concurrerunt.</span> <span class='ocrx_word' id='word_1_336' title='bbox 1312 4164 1460 4243; x_wconf 87' lang='lat' dir='ltr'>Aliquam·</span> 
     </span>
     <span class='ocr_line' id='line_1_40' title="bbox 285 4255 1461 4340; baseline 0.009 -26"><span class='ocrx_word' id='word_1_337' title='bbox 285 4255 335 4316; x_wconf 93' lang='lat' dir='ltr'>diu</span> <span class='ocrx_word' id='word_1_338' title='bbox 367 4274 459 4334; x_wconf 86' lang='lat' dir='ltr'>aequo</span> <span class='ocrx_word' id='word_1_339' title='bbox 484 4257 575 4317; x_wconf 91' lang='lat' dir='ltr'>Marte</span> <span class='ocrx_word' id='word_1_340' title='bbox 606 4257 776 4318; x_wconf 89' lang='lat' dir='ltr'>dimicatum</span> <span class='ocrx_word' id='word_1_341' title='bbox 806 4266 858 4319; x_wconf 90' lang='lat' dir='ltr'>est.</span> <span class='ocrx_word' id='word_1_342' title='bbox 905 4257 943 4319; x_wconf 92' lang='lat' dir='ltr'>Ut</span> <span class='ocrx_word' id='word_1_343' title='bbox 971 4259 1106 4340; x_wconf 89' lang='lat' dir='ltr'>traditur,</span> <span class='ocrx_word' id='word_1_344' title='bbox 1135 4261 1290 4322; x_wconf 84' lang='lat' dir='ltr'>commune</span> <span class='ocrx_word' id='word_1_345' title='bbox 1314 4261 1461 4340; x_wconf 89' lang='lat' dir='ltr'>proelium</span> 
     </span>
    </p>
   </div>
   <div class='ocr_carea' id='block_1_5' title="bbox 376 4461 846 4533">
    <p class='ocr_par' dir='ltr' id='par_1_6' title="bbox 376 4461 846 4533">
     <span class='ocr_line' id='line_1_41' title="bbox 376 4461 846 4533; baseline 0.009 -18"><span class='ocrx_word' id='word_1_346' title='bbox 376 4465 400 4532; x_wconf 87' lang='lat'>1)</span> <span class='ocrx_word' id='word_1_347' title='bbox 421 4461 461 4517; x_wconf 81' lang='lat' dir='ltr'>Of.</span> <span class='ocrx_word' id='word_1_348' title='bbox 481 4463 599 4518; x_wconf 82' lang='lat' dir='ltr'>Butler</span> <span class='ocrx_word' id='word_1_349' title='bbox 618 4483 645 4533; x_wconf 89' lang='lat' dir='ltr'>p.</span> <span class='ocrx_word' id='word_1_350' title='bbox 664 4470 716 4518; x_wconf 81' lang='lat'>472</span> <span class='ocrx_word' id='word_1_351' title='bbox 738 4465 801 4518; x_wconf 87' lang='lat' dir='ltr'>adn.</span> <span class='ocrx_word' id='word_1_352' title='bbox 823 4472 846 4519; x_wconf 92' lang='lat'>1.</span> 
     </span>
    </p>
   </div>
   <div class='ocr_carea' id='block_1_6' title="bbox 0 0 1656 5098">
    <p class='ocr_par' dir='ltr' id='par_1_7' title="bbox 0 0 1656 5098">
     <span class='ocr_line' id='line_1_42' title="bbox 0 0 1656 5098; baseline 0 1"><span class='ocrx_word' id='word_1_353' title='bbox 0 0 1656 5098; x_wconf 95' lang='lat' dir='ltr'> </span> 
     </span>
    </p>
   </div>
  </div>
 </body>
</html>
