3304 5098
756 317 976 381 ..24-

279 508 380 560 turum
405 518 470 560 esse
494 517 591 578 neque
615 499 690 560 ullas
713 501 885 559 inimicitias
908 501 986 559 iuter
1006 517 1037 559 se
1057 507 1087 559 et
1105 501 1214 578 copias,
1238 518 1313 578 quac
1333 499 1458 560 rehella-

278 600 404 676 vissent,
436 599 507 658 lore.
561 597 657 658 Etiam
685 597 866 676 Philagrium
899 615 934 656 ex
964 597 1052 657 exilio
1081 606 1250 658 revocatum
1278 599 1324 657 iri.
1332 591 1358 681 ¹)
1414 597 1458 658 td

279 697 337 758 hoo
369 695 555 776 Nicephorus
587 715 615 775 p.
644 693 695 774 31,
716 692 759 756 20
770 714 833 774 sqq.
865 695 934 755 talia
972 695 1076 756 refert:
1109 695 1281 756 Valentinus
1314 695 1458 774 dignitate

280 796 397 856 comitis
430 793 637 855 excubitorum
670 801 774 854 auctus
807 792 896 853 fidem
934 793 969 853 ah
1001 792 1165 854 Heraclona
1201 795 1315 873 accepit
1347 793 1459 854 nullam

281 894 427 953 rationem
456 891 491 952 ah
521 910 555 952 eo
583 900 705 970 propter
732 893 887 970 pecunias,
916 908 989 969 quas
1016 891 1183 970 Philagrius
1211 893 1239 951 ei
1266 891 1460 952 Constantino

280 989 401 1051 iubente
426 989 570 1067 dedisset,
594 988 773 1069 postulatum
797 991 843 1048 iri.
891 988 928 1049 Ut
954 1008 1025 1049 vero
1047 1007 1188 1050 mensura
1212 989 1460 1050 contumeliarum

282 1087 464 1148 Heraclonae
488 1087 689 1166 Martinaeque
714 1086 896 1166 expleretur,
925 1095 1068 1149 statutum
1092 1089 1339 1167 osculumque
1363 1088 1461 1166 militi,

283 1187 334 1265 qui
358 1185 545 1246 Valentinum
576 1193 696 1245 secutus
727 1193 829 1244 contra
860 1187 1070 1264 imperatorem
1101 1185 1316 1265 rebellavisset,
1350 1204 1461 1247 munus

282 1285 426 1363 pecuniae
450 1277 670 1367 tribueretur.²)

370 1381 510 1441 Pactione
535 1382 611 1442 lacta
634 1380 778 1442 Constans
802 1384 964 1460 imperator
986 1391 1144 1442 coronatus
1169 1391 1222 1443 est.
1268 1382 1392 1442 Etiamsi
1416 1382 1459 1442 lo·

238 1499 242 1507 ’
283 1473 408 1563 aunes⁸)
437 1480 541 1540 refert:
573 1479 762 1558 „Valentinus
791 1498 858 1538 cum
887 1478 1082 1540 Domentiano
1112 1480 1236 1560 aliisque
1264 1481 1398 1559 patriciis
1426 1481 1463 1539 iit

284 1585 315 1638 et
343 1575 569 1637 Constantinum
597 1595 719 1656 parvum
749 1575 992 1655 coronaverunt“,
1020 1585 1118 1638 tamen
1148 1580 1236 1638 etiam
1265 1577 1461 1638 lleraclonam

284 1676 468 1734 coronationi
494 1675 666 1734 interfuisse
696 1674 883 1734 crediderim.
933 1675 1069 1760 Forsitan
1097 1675 1155 1736 huc
1183 1675 1233 1735 illa
1261 1675 1351 1736 verha
1374 1675 1462 1736 Nice-

283 1767 403 1856 phori⁴)
442 1771 598 1833 reserenda
635 1774 708 1850 sint,
746 1773 854 1851 quihus
890 1773 1049 1834 multitudo
1081 1773 1277 1834 Heraclonam
1313 1777 1462 1852 pressisse
1550 1843 1552 1864 Ι

284 1877 432 1949 narratur,
455 1878 490 1931 ut
508 1869 698 1931 Constantem
723 1877 886 1930 coronaret.
929 1869 1046 1931 Novus
1070 1874 1268 1950 imperator
1287 1871 1462 1932 Constan-

283 1971 384 2029 tinus
408 1971 614 2029 nominatus
638 1976 700 2029 est.
747 1967 931 2046 Nicephorus
954 1968 1027 2028 haec
1051 1968 1162 2047 prodit:
1187 1966 1291 2041 εὐθὺς
1316 1962 1378 2030 οὖν
1402 1966 1464 2030 τὸν

286 2061 478 2146 στεφθέντα
505 2066 765 2128 Κωνστοεντῑνον
793 2064 828 2127 οἱ
853 2065 945 2145 ὄχλοι
973 2064 1262 2146 μετονομάζουσιν.
1309 2067 1373 2126 Mea
1397 2068 1462 2145 qui-

285 2164 353 2226 dem
377 2167 525 2225 sententia
549 2172 648 2244 partes
672 2164 819 2224 Valentini
844 2163 1015 2243 eilecerunt,
1041 2172 1074 2224 ut
1098 2167 1128 2224 in
1152 2165 1295 2226 honorem
1320 2164 1463 2225 Constan-

283 2265 340 2322 tini
364 2262 517 2323 Constanti
546 2281 654 2322 nomen
682 2265 775 2341 patris
800 2262 967 2341 inderetur,
994 2265 1079 2322 euius
1103 2262 1282 2323 voluntatem
1307 2281 1339 2322 se
1364 2261 1463 2342 exple·

285 2363 363 2421 visse
392 2369 578 2440 putaverunt..
626 2353 769 2444 sebeosf’)
799 2367 902 2420 narrat
928 2359 1115 2421 Valentinum
1146 2363 1245 2439 ipsum
1271 2360 1463 2420 Constantem

285 2478 301 2519 a
325 2461 445 2520 nomine
468 2460 562 2537 patris
582 2457 784 2536 appellavisse.
832 2457 956 2518 Nomine
977 2458 1169 2519 Constantino
1189 2461 1351 2537 imperator
1370 2476 1464 2519 novus

285 2556 403 2636 publice
427 2575 501 2616 usus
530 2564 575 2616 est
602 2548 654 2636 (cl.
679 2556 835 2635 epistulam
860 2555 978 2617 Martini
1002 2575 1094 2636 papae
1119 2556 1155 2640 ad
1178 2559 1389 2635 imperatorem
1414 2555 1464 2615 da·

286 2663 356 2734 tam,
380 2655 473 2714 Mansi
492 2653 518 2713 X
541 2673 568 2733 p.
591 2650 663 2732 789,
684 2661 713 2714 et
732 2663 796 2714 acta
816 2655 935 2714 concilii
954 2655 1163 2715 Lateranensis
1183 2657 1252 2714 anni
1272 2650 1346 2732 649,
1370 2653 1465 2714 llansi

287 2751 313 2812 X
336 2772 363 2832 p.
384 2749 449 2813 863
458 2771 521 2831 sqq.
545 2760 575 2812 et
598 2770 744 2830 nummos,
769 2751 903 2812 Sahatier
922 2753 934 2812 l
953 2747 1043 2836 294).
1085 2753 1107 2811 Α
1132 2751 1241 2830 populo
1265 2760 1364 2812 autem
1388 2751 1464 2811 Con·

287 2859 368 2911 stans
392 2850 554 2930 appellatus
584 2869 649 2910 esse
677 2850 807 2929 videtur,
836 2850 914 2929 quod
942 2869 1051 2911 nomen
1079 2869 1182 2910 omnes
1211 2851 1273 2910 lere
1303 2852 1465 2928 scriptores

286 2947 424 3028 produnt.
471 2947 533 3008 Una
562 2968 629 3009 cum
661 2947 819 3009 Constante
842 2948 943 3027 David,
974 2950 1067 3009 irater
1092 2948 1272 3008 Heraclonae
1303 2950 1466 3026 imperator

287 3054 475 3125 nuncupatus
500 3055 559 3125 est,
588 3049 637 3107 oui
660 3046 740 3108 aliud
764 3065 872 3106 nomen
896 3047 1035 3108 Tiberius
1058 3049 1230 3126 impositum
1250 3039 1333 3124 θεοῦ)
1376 3044 1466 3105 Saha-

286 3147 346 3204 tier
368 3144 382 3204 l
405 3140 470 3204 292
494 3147 676 3206 mentionem
695 3146 766 3206 lacit
784 3148 907 3224 nummi,
931 3132 962 3205 in
987 3165 1045 3224 quo
1063 3147 1208 3223 imagines
1227 3137 1318 3204 trium
1339 3145 1466 3222 impera·

287 3249 385 3320 torum
409 3241 599 3322 Heraclonae,
624 3243 809 3304 Constantini
832 3243 880 3322 lll,
905 3243 1017 3304 'liberii
1041 3250 1165 3304 exstant.

378 3339 416 3400 Ut
443 3340 584 3420 vidimus,
617 3341 740 3401 hlartina
774 3344 905 3420 sociique
933 3361 1036 3420 pacem
1065 3360 1124 3401 non
1153 3343 1211 3400 nisi
1240 3347 1306 3419 post
1328 3339 1466 3418 turpissi-

288 3456 352 3498 mas
372 3441 581 3499 concessiones
600 3441 842 3518 impetraverunt,
861 3439 940 3499 unde
961 3447 1083 3519 apparet
1102 3458 1161 3517 eos,
1181 3457 1249 3498 cum
1267 3439 1345 3498 intra
1364 3454 1468 3496 muros

289 3534 374 3596 urhis
397 3535 556 3597 multitudo
581 3540 717 3615 excitata,
741 3545 824 3596 extra
849 3539 996 3596 exercitus
1015 3537 1163 3596 Valentini
1187 3535 1345 3596 seditiosus
1369 3535 1467 3594 immi-

289 3642 384 3713 neret,
408 3653 558 3695 summum
578 3638 608 3696 in
628 3635 788 3696 discrimen
808 3655 873 3696 esse
893 3643 1019 3713 vocatos,
1044 3643 1074 3694 et
1092 3641 1207 3694 tantum
1226 3632 1313 3692 modo
1332 3631 1468 3711 periculo

290 3740 423 3792 extremo
447 3741 563 3793 coactos
587 3736 684 3793 omnia
708 3736 901 3794 concessisse.
948 3733 1056 3792 loanne
1080 3739 1156 3792 teste
1176 3739 1247 3791 tunc
1266 3730 1386 3809 quidem
1405 3749 1467 3789 om·

289 3848 344 3891 nes
372 3849 440 3890 cum
468 3849 541 3909 pace
566 3830 776 3891 discesserunt.
823 3832 962 3911 Tempus,
988 3849 1046 3909 quo
1070 3848 1119 3890 res
1142 3847 1216 3908 quas
1238 3828 1326 3889 modo
1349 3829 1468 3887 narravi

291 3936 390 4006 gestae
416 3930 483 4006 sint,
508 3928 678 4007 september
700 3931 813 3989 mensis
837 3932 906 3990 anni
931 3926 993 3990 641
1019 3930 1118 4007 putari
1141 3919 1276 4010 potestl)

382 4111 407 4177 1)
425 4108 543 4163 Ioannes
553 4109 615 4162 Nic.
626 4126 652 4177 p.
664 4114 723 4163 579.
777 4112 803 4180 2)
812 4110 930 4178 Niceph.
941 4128 968 4178 p.
981 4115 1023 4174 31,
1033 4115 1076 4163 ⁴23.
1128 4111 1154 4177 3)
1169 4107 1287 4162 ioannes
1296 4106 1357 4159 Nic.
1368 4124 1396 4174 p.
1408 4111 1468 4161 579.

380 4191 407 4258 4)
427 4188 545 4257 Niceph.
561 4207 587 4258 p.
604 4193 647 4255 30,
658 4195 691 4242 22
711 4189 738 4244 οἱ
757 4189 788 4245 δὲ
808 4189 885 4260 ὄχλοι
902 4190 951 4244 τὸν
971 4187 1085 4260 βασιλέα
1105 4187 1246 4260 ἐβιάζοντο
1264 4187 1296 4240 τὸ
1312 4187 1394 4257 ἔργον
1410 4186 1469 4240 ἐπι-

291 4272 387 4324 τελεῖν.
426 4267 440 4322 d
460 4267 491 4324 dd
510 4270 603 4341 λαβὼν
623 4270 653 4324 ἐκ
672 4277 721 4338 τῆς
740 4267 885 4339 ἐκκλησίας
902 4270 952 4324 τὸν
966 4278 1016 4324 τοῦ
1031 4269 1137 4336 πατρὸς
1147 4266 1313 4336 Ἡρακλείου
1329 4265 1470 4336 στέφανον
1506 4261 1528 4288 ’”

290 4349 322 4403 τὸ
343 4349 424 4419 ἔργον
444 4347 572 4417 ἐπλήρου.
682 4351 708 4416 h)
729 4349 831 4404 Sebeos
851 4350 870 4404 l.
890 4367 912 4404 e.
932 4369 959 4418 p.
981 4355 1039 4403 104.

382 4431 409 4499 6)
428 4427 546 4498 Niceph.
565 4447 592 4499 p.
614 4435 656 4494 31,
672 4435 714 4484 24.
824 4434 850 4499 7)
870 4429 909 4484 Cf.
930 4429 1052 4485 Butler
1069 4430 1088 4483 l.
1108 4447 1130 4483 c.
1149 4447 1177 4498 p.
1198 4433 1258 4482 305.
