3304 5098
677 330 898 393 ,11-

287 512 371 583 Quod
395 515 501 573 attinet
524 512 561 572 ad
580 511 734 572 Cedreni
758 512 1032 591 chronographiam,
1056 519 1159 572 auctor
1182 515 1213 572 in
1237 531 1271 573 ea
1290 520 1374 591 parte

196 612 267 672 libri
286 611 443 672 scribenda
458 629 534 690 quae
550 610 634 671 nohis
654 609 819 670 adhibenda
826 604 851 693 ¹)
868 619 912 670 est
930 612 1089 690 praecipue
1104 610 1283 690 Theophane
1301 629 1374 671 usus

194 719 251 771 est.
307 709 365 770 Sed
392 716 512 788 praeter
540 709 619 769 hunc
647 710 823 787 scriptorem
851 707 931 768 idem
959 710 1048 768 etiam
1076 708 1166 769 alium
1194 709 1306 769 iontem
1329 709 1373 768 in-

194 809 301 887 spexit
343 805 428 867 Haud
448 825 514 867 raro
533 808 613 866 enim
637 824 706 865 eum
725 823 793 865 cum
812 804 911 866 Leone
931 805 1028 866 lacere
1048 807 1224 866 invenimur.
1266 804 1374 876 Quam-

196 923 285 984 quam
305 922 374 965 eum
393 922 428 964 ex
444 903 541 964 Leone
561 906 625 982 ipso
644 903 780 963 hausisse
799 905 978 980 negaverim,
998 904 1067 982 quia
1085 903 1236 964 interdum
1255 903 1374 965 easdem

195 1020 245 1064 res
273 1002 366 1062 multo
400 1002 495 1063 fusius
530 1001 629 1080 prodit
656 1019 744 1079 quam
775 1000 843 1060 Leo.
893 1000 995 1079 ltaque
1023 1019 1057 1060 ea
1084 1000 1174 1061 verba
1202 1018 1277 1080 quae
1306 1019 1374 1061 cum

195 1099 304 1161 Leonis
328 1107 468 1160 contextu
488 1107 655 1178 congruunt
675 1117 711 1158 ex
730 1100 881 1158 communi
902 1099 983 1159 fonte
1003 1091 1059 1181 (sc.
1080 1093 1274 1183 Symeone)¹)
1295 1118 1374 1160 ema·

194 1216 282 1258 nasse
307 1199 452 1258 existimo.
499 1197 542 1257 Ad
565 1198 622 1257 hoc
645 1215 802 1256 commune
826 1196 995 1274 exemplum
1018 1196 1108 1257 verha
1135 1196 1243 1258 Leonis
1267 1205 1297 1257 et
1320 1196 1373 1258 Ce-

193 1295 280 1357 dreni
303 1297 376 1362 haec
400 1296 557 1357 reserenda
581 1296 654 1355 mihi
678 1294 828 1355 videntur:

589 1412 647 1472 Leo
900 1409 1052 1471 Cedrenus

455 1530 482 1589 p.
504 1505 701 1587 156,2-13
807 1527 891 1586 =p.
914 1504 986 1588 753,
1001 1506 1110 1569 4-11

454 1627 481 1686 p.
504 1602 576 1684 155,
591 1603 723 1666 20-22
806 1634 848 1654 =
863 1624 891 1684 p.
916 1601 1137 1685 753,13-15

453 1725 481 1785 p.
504 1700 576 1782 156,
593 1701 724 1764 18-20
806 1731 848 1752 =
863 1723 891 1782 p.
913 1700 1096 1784 753,17sq.

453 1823 481 1882 p.
503 1800 575 1882 156,
590 1797 754 1881 20-157,
770 1798 790 1862 2
805 1829 848 1851 =
862 1822 891 1881 p.
912 1798 985 1880 754,
999 1800 1096 1863 4-6.

284 1919 437 1980 Cedrenus
471 1921 503 1979 in
538 1918 651 1998 proelio
686 1917 845 1978 Phoenicio
881 1917 1028 1978 narrando
1066 1912 1107 2001 (p.
1135 1901 1219 1996 755,'
1241 1915 1281 1978 17
1294 1911 1372 2002 sqq.)

195 2020 353 2078 maximam
376 2026 491 2096 partem
515 2035 531 2076 e
550 2015 729 2094 Theophane
752 2015 864 2096 hausit3
889 2015 942 2076 sed
966 2019 1054 2076 etiam
1078 2015 1167 2076 verha
1190 2023 1375 2095 usurpantur

194 2135 270 2195 quae
300 2115 335 2175 ad
364 2114 472 2175 Leonis
501 2122 671 2174 contextum
700 2119 835 2191 spectant
863 2105 954 2195 („xul
982 2112 1023 2194 δὴ
1047 2109 1224 2175 τοῦτοκαὶ
1248 2110 1374 2194 ἀπέβη“

195 2221 226 2274 et
248 2209 288 2293 „6
312 2209 350 2274 δὲ
372 2212 528 2293 βασιλεὺς
545 2211 641 2289 μόλις
661 2205 840 2282 διασωθεὶς
860 2206 1042 2290 ὑπέστρεψε
1061 2205 1128 2284 μετ’
1158 2209 1317 2292 αἰσχύνης
1337 2208 1374 2272 ἐν

194 2305 368 2394 Κιτόλενζ).
424 2310 526 2389 ltaque
555 2309 723 2370 Cedrenum
753 2310 784 2368 in
814 2307 869 2368 hac
899 2324 998 2387 pugna
1030 2308 1226 2369 describenda
1254 2317 1374 2389 praeter

192 2409 404 2488 Theophanem
429 2409 521 2469 altero
545 2425 663 2487 quoque
686 2406 766 2466 sonte
790 2425 878 2466 usum
903 2425 969 2466 esse
994 2407 1092 2485 colligi
1114 2415 1220 2486 potest.

283 2505 328 2567 ld
351 2525 439 2586 quem
463 2508 495 2566 ni
518 2505 602 2566 lallor
626 2507 715 2565 etiam
738 2504 812 2564 haec
834 2503 925 2564 vcrha
949 2511 1095 2584 speciant:

516 2622 576 2683 Leo
899 2619 1052 2681 Cedrenus

409 2740 437 2799 p.
464 2716 684 2800 158,18-23
859 2738 887 2798 p.
913 2715 986 2796 762,
1002 2715 1087 2778 3-7

284 2836 328 2898 Ad
352 2836 604 2897 narratiunculam
628 2855 703 2915 quae
728 2833 898 2894 aCedreno
922 2854 950 2914 p.
972 2831 1044 2913 762,
1059 2830 1285 2895 9-181ιιοίιιο
1304 2853 1373 2914 pro-

193 2935 275 2996 ditur
303 2934 411 2995 Leonis
439 2934 528 2995 verha
557 2934 645 2994 exilia
674 2927 716 3017 (p.
743 2929 878 3010 158,16
907 2929 1067 2994 διάκονον
1094 2929 1374 3014 χειροτονηθέντα

194 3029 260 3094 ὑπὸ
286 3030 426 3094 Παύλου
450 3026 670 3115 πατριάρχου)
695 3031 774 3091 haud
797 3032 859 3090 scio
884 3049 921 3090 an
945 3032 1122 3109 pertineant

285 3130 382 3191 Etiam
405 3130 453 3190 illa
478 3129 567 3190 verba
591 3129 727 3208 Cedreni‚
754 3147 829 3207 quae
856 3127 892 3188 de
915 3135 1011 3189 morte
1036 3127 1221 3188 Constantini
1245 3131 1373 3208 impera-

193 3231 269 3289 toris
301 3229 376 3290 iacta
410 3247 444 3289 ex
474 3227 653 3306 Theophane
687 3227 808 3287 llunisse
841 3229 1012 3305 negaverim
1048 3219 1216 3310 (Cedrenus
1244 3246 1272 3306 p.
1299 3224 1373 3306 763,

197 3323 237 3387 12
256 3321 336 3411 sqq.)
361 3328 484 3388 forsitan
509 3344 544 3386 ex
564 3324 719 3404 Symeonis
742 3324 819 3384 lihro
843 3332 960 3404 sumpta
980 3327 1048 3385 sint.
1096 3324 1154 3384 Leo
1175 3324 1295 3403 quidem
1315 3327 1374 3385 nisi

193 3427 297 3504 paucis
323 3425 423 3486 verbis
452 3423 552 3484 caedis
581 3425 770 3503 imperatoris
798 3424 981 3482 mentionem
1009 3441 1068 3482 non
1098 3422 1177 3482 lacit.
1224 3421 1261 3482 Ni
1290 3422 1375 3483 lallor

194 3541 269 3602 quae
293 3525 406 3583 invenit
428 3523 518 3584 verha
542 3521 632 3582 lontis
656 3524 687 3598 ip
711 3521 799 3582 breve
824 3523 980 3581 contraxit.

284 3619 320 3680 Ei
342 3619 400 3680 loci
424 3620 531 3680 Leonis
560 3628 589 3680 et
613 3619 753 3697 Cedreni,
782 3618 890 3697 quihus
920 3618 955 3679 de
984 3618 1130 3698 sepulcris
1159 3620 1373 3697 imperatorum

194 3716 381 3778 Constantini
408 3718 447 3796 ll,
478 3717 672 3794 heraclonae,
704 3717 889 3778 Constantini
912 3716 965 3794 111,
995 3719 1094 3794 agitur
1125 3708 1212 3802 (Leo:
1246 3735 1273 3794 p.
1299 3711 1372 3792 155,

194 3811 349 3894 20-22,
369 3835 397 3894 p.
412 3811 489 3893 156,
508 3811 681 3894 20-157,
696 3813 725 3876 2.
761 3814 927 3876 Cedrenus:
950 3833 979 3894 p.
995 3810 1069 3893 753,
1085 3809 1234 3874 13-15.
1254 3833 1281 3892 p.
1299 3809 1372 3893 754,

193 3910 299 3976 4-6,
324 3931 351 3993 p.
373 3910 446 3993 763,
470 3908 703 3997 23-764,1),
728 3912 764 3973 ad
788 3913 953 3993 catalogum
977 3914 1131 3991 proprium
1154 3913 1306 3991 pertinere
1330 3914 1372 3972 vi·

195 4009 310 4072 dentur.

284 4109 417 4189 Denique
441 4109 623 4172 monendum
648 4129 714 4172 esse
738 4119 810 4190 puto
834 4110 1002 4171 Cedrenum
1026 4109 1122 4169 solum
1146 4109 1279 4168 omnium
1303 4125 1371 4168 auc-

194 4213 293 4268 torum
327 4207 417 4268 verba
454 4208 594 4270 exhihere
632 4208 719 4269 haec:
753 4200 997 4292 (Ἡρακλωνας)
1036 4204 1118 4279 δοὺς
1154 4203 1208 4266 καὶ
1247 4199 1371 4289 ἑκάστῳ

285 4363 311 4430 1)
330 4361 381 4415 Ed.
401 4362 489 4418 Bonn.
508 4363 522 4417 1
539 4379 566 4432 p.
587 4366 808 4428 733,8-764,1.

285 4440 370 4510 2)(11.
390 4441 634 4506 Krnmhaoher‚
653 4441 718 4511 Byr.
738 4441 987 4512 Litteraturgesch.
1017 4447 1042 4495 2.
1063 4439 1132 4494 Auli.
1163 4445 1240 4494 189⁷.
1259 4457 1287 4508 p.
1307 4443 1369 4493 361.
