3304 5098
682 311 902 374 ..63-

205 491 419 552 Prandearium
449 499 654 571 portaverunt,
688 492 740 553 uhi
772 491 906 571 diligenti
939 494 1073 554 custodia
1103 493 1267 554 tenebatur.
1320 493 1382 554 Hoc

204 597 338 670 tempore
363 590 399 650 ad
422 590 611 651 Theodorum
635 589 781 670 quendam
790 584 815 674 ¹)
841 590 965 670 epistula
991 591 1056 652 data
1081 610 1146 652 esse
1170 591 1295 670 videtur,
1324 611 1381 670 qua

204 687 349 750 Martinus
368 691 505 768 queritur
522 692 752 765 „quodropinto
766 697 877 766 septem
894 692 959 751 dies
973 708 1055 750 none
1068 694 1279 766 praeteriisse,
1296 698 1381 766 post·

205 805 296 862 quom
319 791 420 848 lautus
439 796 523 864 esset,
546 805 638 862 seque
657 795 750 847 totum
768 790 872 848 morbo
892 795 921 848 et
940 791 1044 863 inopia
1064 797 1272 866 consumptum
1291 785 1382 849 esse“.

294 885 346 946 Die
373 881 413 945 19
437 885 610 946 Decembris
634 887 755 963 mensis,
783 891 817 944 ut
839 887 898 944 iam
923 884 992 964 dixi,
1015 904 1091 964 papa
1113 887 1145 945 in
1168 885 1312 946 iudicium
1333 884 1382 946 ad·

206 983 312 1044 ductus
337 991 395 1061 est,
427 982 462 1043 de
493 1002 551 1062 quo
582 991 642 1042 tam
672 983 736 1042 luse
764 990 868 1042 auctor
889 981 1218 1061 „commemorationis“
1247 985 1319 1061 egit,
1349 991 1382 1043 ut

205 1100 273 1141 eum
298 1080 428 1142 adfuisse
452 1083 590 1141 conicias.
632 1080 777 1140 Martinus
799 1080 1013 1159 perduellionis
1037 1090 1192 1142 accusatus
1217 1089 1275 1161 est,
1303 1081 1382 1160 quod

205 1197 273 1240 cum
298 1177 433 1258 Olympio
457 1179 587 1240 lecisset.
633 1178 741 1239 Mirum
763 1179 893 1257 videtur,
922 1179 1001 1258 quod
1025 1178 1130 1239 Graeci
1158 1181 1245 1240 anxie
1272 1181 1382 1239 vitave-

206 1285 284 1355 runt,
310 1295 348 1336 ne
372 1276 407 1337 de
432 1275 490 1336 lide
514 1275 586 1356 quid
605 1277 798 1356 proferretur.
844 1277 926 1337 Inter
947 1295 1007 1356 eos,
1031 1279 1083 1356 qui
1102 1285 1204 1338 contra
1223 1277 1382 1338 Martinum

205 1377 305 1435 testati
335 1383 417 1452 sunt,
447 1374 557 1435 milites
588 1382 618 1434 01
647 1375 783 1435 homiues
811 1382 908 1452 eraut,
939 1375 990 1453 qui
1018 1373 1088 1434 olim
1112 1373 1280 1452 Olympium
1305 1372 1382 1434 sedi·

207 1475 317 1534 tionem
342 1473 519 1533 conflantem
544 1474 639 1533 secuti
664 1479 756 1533 erant.
802 1471 841 1531 Ut
864 1479 967 1531 auctor
985 1469 1313 1550 „commemorationis“
1336 1490 1382 1531 re·

206 1571 272 1650 lert,
296 1577 356 1631 tota
381 1573 515 1650 quaestio
539 1571 606 1630 dcta
631 1578 702 1630 erat
749 1569 806 1640 Qui
829 1569 920 1630 tradit
943 1577 1131 1630 accusatores
1155 1587 1259 1630 omnes
1285 1573 1383 1648 „filios

205 1667 377 1730 mendacii“
396 1687 559 1748 eorumque
576 1686 684 1744 „voces
695 1671 941 1746 praemeditatos
960 1677 990 1728 et
1001 1668 1231 1744 praeparatos“
1250 1660 1381 1750 suisse.²)

205 1765 329 1826 Helelc
359 1765 478 1844 quidem
508 1766 543 1826 de
570 1763 891 1846 „commemoratione“
913 1767 953 1825 ita
977 1763 1101 1825 iudicat:
1130 1785 1162 1826 es
1188 1767 1228 1825 151
1251 1765 1286 1825 da
1312 1758 1382 1849 (uie

206 1863 273 1924 dort
297 1881 337 1923 sc.
361 1865 393 1924 in
417 1863 553 1942 epistulis
577 1857 710 1947 Martini)
736 1863 783 1924 die
802 1863 970 1942 Erzaihlung
994 1862 1047 1923 der
1068 1863 1291 1924 schreckliohen
1312 1863 1382 1924 Vor-

206 1961 282 2040 111Ιο,
306 1979 392 2022 wenn
417 1961 492 2022 auch
515 1964 569 2022 mit
592 1961 764 2023 hlutendem
787 1961 912 2041 Herzen,
937 1981 969 2022 so
993 1960 1119 2041 objectiv
1143 1961 1289 2040 gehalten,
1315 1961 1382 2022 dass

206 2078 242 2119 an
272 2059 325 2120 der
347 2059 444 2119 Treue
473 2059 571 2120 dieser
594 2059 697 2130 Ouellc
725 2059 802 2119 noch
831 2059 970 2120 niemand
999 2059 1163 2138 gezneilelt
1189 2053 1276 2141 hat.³)
1324 2058 1382 2120 Sed

207 2176 243 2217 ne
276 2156 485 2218 obliviscamur
514 2158 591 2218 hanc
618 2155 966 2236 „commemorationem“
994 2157 1029 2218 ab
1058 2165 1179 2218 auctore
1208 2176 1274 2218 esse
1303 2176 1382 2218 com·

205 2257 339 2334 positam,
364 2258 415 2334 qui
438 2257 567 2315 maximo
591 2274 691 2315 amore
715 2274 819 2334 papam
849 2255 974 2316 coluerit
997 2264 1027 2316 ct
1050 2257 1114 2316 eius
1138 2263 1238 2334 partes
1261 2263 1382 2316 secutus

205 2372 380 2432 persuasum
408 2353 547 2414 habuerit
569 2353 727 2414 Martinum
756 2373 821 2414 esse
850 2355 1137 2414 innocentissimum..
1188 2354 1290 2433 ltaque
1314 2373 1382 2414 cum

206 2452 261 2512 alia
285 2453 467 2530 testimonia,
496 2470 571 2530 quae
595 2451 661 2512 illas
685 2470 734 2512 res
757 2451 921 2530 illustrent,
946 2450 1055 2530 desint,
1085 2451 1155 2512 licet
1180 2450 1215 2511 de
1239 2451 1296 2512 fide
1320 2471 1382 2512 mc-

205 2553 317 2610 moriae
346 2557 593 2611 commemoratae
622 2549 770 2629 dubitare,
799 2568 866 2610 cum
895 2548 1037 2628 prodatur
1062 2548 1301 2610 insimulationes
1325 2552 1382 2609 cri·

205 2650 295 2708 minis
310 2647 522 2726 perduellionis
537 2667 602 2708 0550
618 2665 722 2708 ornnes
737 2648 829 2708 licias.
867 2647 946 2718 Quid
961 2647 996 2708 de
1012 2647 1097 2726 culpa
1112 2646 1232 2707 Martini
1247 2649 1382 2726 sentiam,

205 2747 263 2806 iam
288 2754 372 2806 autea
397 2748 528 2824 exposui.
793 2761 795 2764 ·

294 2843 352 2904 Sed
381 2861 461 2904 nunc
491 2843 604 2922 reliqua
632 2862 755 2904 narrare
784 2844 879 2903 liceat.
928 2843 1001 2904 Cum
1025 2842 1207 2922 sacellarius,
1231 2845 1283 2922 qui
1306 2843 1381 2904 iudi-

206 2943 285 3001 cium
314 2943 460 3019 exercuit,
488 2949 607 3020 putaret
635 2943 706 3002 satis
733 2943 972 3002 testimoniorum
998 2960 1078 3020 esse,
1106 2943 1279 3020 imperatori
1306 2959 1381 3002 nun-

205 3041 301 3124 tiavit,
326 3057 401 3118 quae
426 3047 508 3117 gesta
533 3047 641 3100 essent.
687 3039 765 3119 Papa
789 3048 888 3100 autem
912 3042 943 3099 in
967 3039 1038 3100 sella
1062 3039 1170 3100 sedens
1194 3073 1235 3081 —
1260 3046 1383 3118 propter

205 3135 378 3215 languorem
407 3139 540 3216 corporis
568 3136 693 3216 pedibus
722 3145 800 3198 stare
829 3156 887 3198 non
916 3139 1012 3216 potuit
1043 3171 1084 3178 —
1114 3156 1149 3196 ex
1178 3137 1251 3196 cella
1278 3136 1382 3197 iudicii

205 3242 340 3314 portatus
368 3242 398 3295 01
426 3238 456 3295 111
484 3235 582 3295 medio
611 3237 680 3296 atrii
702 3238 817 3314 positus
841 3244 898 3310 est,
926 3243 960 3295 ut
982 3233 1109 3314 populus
1133 3253 1201 3295 eum
1226 3242 1381 3314 spectaret.

205 3331 300 3402 Quem
324 3332 420 3393 locum
445 3333 533 3412 paulo
557 3343 709 3412 postcom
732 3333 839 3394 solario
860 3335 1054 3412 expositionis
1073 3341 1188 3393 mutare
1208 3334 1308 3394 iussus
1328 3341 1381 3410 est,

205 3437 239 3490 ut
266 3433 428 3509 imperator
459 3449 494 3491 ex
523 3431 662 3492 cancellis
690 3432 814 3492 triclinii
842 3433 889 3492 sui
916 3430 1016 3491 videre
1040 3439 1142 3509 posset
1168 3449 1244 3510 quae
1267 3432 1382 3492 fierent.

205 3527 297 3588 Tanta
322 3527 480 3588 multitudo
503 3529 657 3590 hominum
686 3538 864 3590 convenerat
887 3535 1065 3608 spectatum,
1093 3536 1126 3588 ut
1154 3531 1199 3589 via
1226 3528 1382 3608 usquead

205 3625 434 3705 hippodromum
458 3626 628 3687 hominihus
652 3629 761 3687 1010111
786 3627 878 3687 luisse
900 3627 1022 3686 dicatur.
1068 3626 1190 3687 Interim
1210 3625 1382 3688 sacellarius

206 3723 416 3802 imperatorem
441 3723 567 3806 adierat3
591 3725 670 3785 haud
694 3727 755 3785 scio
775 3745 812 3785 an
832 3744 867 3785 ex
887 3725 1079 3784 Constantino
1099 3727 1286 3804 quaesiverit,
1310 3723 1381 3802 quid

207 3821 272 3880 deri
301 3820 403 3902 vellet;
437 3841 504 3882 nam
534 3831 691 3902 postquam
722 3841 757 3883 ex
787 3823 918 3882 triclinio
946 3824 1135 3901 imperatoris
1163 3822 1199 3882 ad
1222 3821 1381 3882 Martinum

207 3917 307 3998 rediit,
340 3919 419 3980 hunc
448 3919 592 3981 allocutus
621 3928 667 3981 051
693 3920 793 3980 verbis
821 3921 916 3980 hisce:
946 3921 1046 4000 „Vide
1074 3923 1222 3996 quomodo
1250 3923 1324 3980 deus
1353 3928 1382 3980 te

206 4019 332 4079 duxerit
355 4025 384 4078 et
408 4020 574 4080 tradiderit
597 4023 629 4079 in
653 4037 761 4080 monos
783 4026 911 4080 nostros.
962 4019 1004 4078 To
1024 4021 1173 4078 nitebaris
1194 4025 1303 4078 contro
1327 4021 1381 4078 im·

198 4123 388 4194 peratorem,
412 4119 488 4191 quid
510 4119 566 4177 tibi
587 4121 653 4194 spei
677 4120 764 4178 erat?
810 4119 891 4177 Ecce
915 4119 1106 4192 dereliquisti
1129 4118 1217 4176 deum
1241 4123 1270 4176 et
1295 4119 1380 4176 dere·

296 4341 321 4410 1)
341 4339 451 4394 Monoi
469 4341 494 4394 X
512 4359 539 4410 p.
560 4346 619 4395 851.
730 4344 756 4410 2)
775 4341 885 4395 Mensi
904 4340 928 4394 X
947 4359 973 4409 p.
995 4345 1054 4396 855.

295 4422 321 4488 8)
340 4419 461 4476 Helele
480 4421 498 4474 l.
519 4439 541 4475 0,
561 4421 599 4475 ΠΙ
617 4440 645 4490 p.
666 4427 767 4490 209sq.
