3304 5098
681 312 901 391 -25÷

295 493 353 554 Sed
387 503 486 574 pacto,
522 495 601 574 quod
629 497 777 556 exercitus
804 494 950 555 Valentini
979 502 1008 555 et
1036 494 1215 556 Heraclonas
1244 496 1384 575 fecerant,

205 591 286 652 nulla
311 592 368 652 alia
390 595 434 653 vis
457 595 555 653 inerat
578 595 636 652 nisi
659 592 851 653 indutiarum.
898 593 1017 654 Semina
1043 595 1122 653 enim
1148 595 1216 652 novi
1238 592 1310 653 belli
1334 592 1384 653 do-

205 684 360 774 mestici1)
391 692 422 750 in
452 692 589 770 pactione
618 693 682 769 ipsa
709 693 806 769 posita
834 699 925 751 erant.
972 691 1046 751 Nam
1066 693 1202 752 existimo
1226 693 1385 769 neminem,

206 789 257 866 qui
289 787 459 866 superbiam
487 796 517 849 et
542 789 664 848 honoris
688 787 881 867 cupiditatem
904 789 1046 849 Martinae
1071 790 1194 866 noverit,
1223 790 1385 849 nescivisse

206 886 281 946 banc
305 885 463 946 mulierem
485 889 517 946 in
540 886 602 946 illis
626 885 850 947 condicionibus
873 886 1011 946 tristibus
1034 905 1093 946 non
1118 904 1184 946 esse
1205 904 1385 946 mansuram.

206 983 248 1043 Er
274 983 365 1044 altera
388 992 472 1067 parte
496 983 575 1045 baud
599 985 660 1044 scio
685 1003 722 1044 an
746 1003 857 1062 omnes,
882 986 933 1063 qui
951 991 1052 1064 partes
1072 983 1256 1044 Constantini
1275 986 1386 1044 mortui

207 1084 303 1142 secuti
332 1091 429 1161 erant,
459 1084 540 1143 exitu
569 1081 740 1142 rebellionis
769 1084 900 1143 contenti
928 1083 1041 1143 luerint
1064 1089 1093 1142 et
1115 1081 1271 1142 Martinam
1294 1080 1385 1141 Hera-

208 1179 382 1260 clonamque
406 1199 465 1241 non
489 1182 609 1242 omnino
634 1180 669 1240 de
693 1181 818 1259 imperio
844 1179 976 1240 deiectos
1000 1199 1066 1240 esse
1091 1179 1288 1258 probaverint.

297 1278 331 1338 ln
350 1278 533 1358 Cappadocia
556 1280 686 1358 primum
710 1277 855 1338 tumultus
879 1278 1070 1338 recruduisse
1092 1277 1238 1337 videntur.
1281 1277 1386 1356 Copias

206 1376 287 1436 illius
318 1379 449 1455 regionis
481 1377 638 1456 epistulam
667 1375 844 1455 produxisse
872 1370 1030 1460 loannes²)
1062 1377 1147 1436 testis
1178 1384 1236 1454 est,
1267 1394 1341 1454 quae
1371 1394 1387 1436 a

208 1474 333 1534 Martina
357 1477 468 1554 scripta
497 1483 526 1536 et
554 1494 569 1534 a
593 1475 685 1554 Pyrro
714 1475 883 1553 patriarcha
908 1473 945 1534 ad
967 1474 1059 1534 David
1083 1472 1230 1533 illustrem
1256 1472 1386 1551 logothe-

208 1579 267 1634 tam
290 1572 355 1632 data
376 1591 441 1633 esse
463 1573 579 1652 dicitur,
600 1593 656 1652 qua
676 1573 725 1632 bic
744 1582 909 1633 commotus
929 1590 1034 1651 magno
1053 1571 1131 1632 bello
1146 1590 1205 1649 eos,
1226 1573 1276 1650 qui
1291 1589 1388 1651 nuper

209 1669 385 1731 seditionem
414 1671 636 1748 conflavissent,
672 1680 905 1750 persequeretur
935 1677 964 1730 et
992 1670 1148 1730 Martinam
1177 1672 1207 1729 in
1236 1672 1387 1729 matrimo-

208 1770 291 1828 nium
323 1768 446 1829 duceret
473 1776 503 1828 et
527 1767 754 1829 Constantinum
782 1768 868 1829 modo
893 1775 1064 1828 coronatum
1096 1787 1111 1828 e
1140 1767 1239 1828 medio
1262 1767 1387 1828 tolleret.

209 1864 316 1945 Copiae
346 1885 414 1926 cum
441 1865 577 1926 viderent
604 1865 760 1926 Martinam
787 1868 865 1944 pacti
894 1866 1084 1926 condiciones
1115 1885 1173 1925 non
1204 1857 1388 1926 servaturam

210 1981 276 2024 esse
300 1971 388 2042 atque
410 1965 484 2043 ipsis
507 1963 674 2043 periculum
697 1965 862 2041 imminere,
887 1966 987 2024 statim
1011 1963 1231 2024 rebellaverunt
1253 1963 1388 2024 licentia·

209 2081 266 2140 que
295 2064 340 2122 uti
369 2070 540 2141 coeperunt.
586 2061 697 2121 Harum
725 2079 828 2122 rerum
857 2081 924 2122 cum
953 2064 1076 2123 nuntius
1103 2061 1388 2141 Constantinopolim

208 2161 337 2238 veniret,
368 2161 447 2219 cives
479 2167 508 2220 et
538 2161 639 2238 copiae
668 2161 773 2238 capitis
804 2168 907 2219 contra
937 2159 1092 2220 Martinam
1123 2163 1246 2240 eiusque
1277 2160 1388 2220 liberos

210 2257 387 2318 seditionem
408 2266 573 2318 moverunt.
614 2256 837 2318 Rebellantibus
856 2257 1028 2318 Theodorus
1048 2259 1176 2337 quidam,
1196 2278 1285 2337 quem
1304 2259 1388 2319 loan-

210 2373 263 2415 nes
292 2355 397 2416 ducem
426 2354 587 2433 gloriosum
617 2354 701 2432 dicit,
729 2363 875 2434 praeerat.
922 2354 978 2425 Qui
1003 2374 1070 2416 cum
1093 2355 1184 2416 David
1208 2356 1388 2434 logothetam

210 2453 435 2532 aggrederetur,
462 2455 489 2512 is
520 2453 587 2529 luga
616 2451 741 2513 salutem
767 2460 873 2532 petens
901 2455 933 2514 in
962 2453 1115 2514 castellum
1143 2453 1290 2533 quoddam
1320 2447 1388 2541 (dr-

209 2545 363 2634 meniael)
396 2569 427 2611 se
459 2550 591 2611 eontulit.
637 2550 823 2626 Theodorus,
855 2553 906 2629 qui
935 2559 998 2612 erat
1023 2558 1157 2631 secutus,
1186 2552 1389 2613 adversarium

210 2650 291 2727 cepit
314 2655 344 2708 et
367 2655 456 2727 caput
479 2651 544 2708 eius
568 2647 721 2727 praecidit,
746 2647 825 2726 quod
848 2648 966 2726 publice
989 2651 1020 2708 in
1040 2649 1234 2709 orientalibus
1253 2649 1388 2729 partibus

210 2748 330 2825 imperii
354 2745 575 2806 ostendebatur.
622 2745 726 2824 Magno
751 2748 883 2806 exercitu
908 2746 1030 2807 collecto
1054 2747 1226 2807 Theodorus
1246 2747 1388 2808 Constan-

210 2844 366 2923 tinopolim
404 2846 535 2905 revertit.
592 2843 752 2923 Postquam
782 2846 810 2904 ei
842 2846 966 2922 contigit
995 2845 1102 2923 palatio
1132 2847 1234 2925 potiri,
1264 2845 1390 2906 Martina

212 2943 337 3021 eiusque
356 2941 410 3001 lilii
429 2941 617 3020 Heraclonas‚
640 2941 732 3002 David
752 2933 930 3025 (Tiberius),
950 2942 1081 3003 Marinus
1101 2942 1243 3021 dignitate
1262 2945 1389 3022 impera·

211 3042 286 3100 toria
309 3041 417 3119 privati
443 3049 473 3100 et
495 3039 633 3101 Rhodum
662 3040 807 3118 deportati
836 3048 912 3100 sunt.
960 3039 1011 3099 llis
1035 3041 1143 3100 loanne
1169 3035 1275 3124 teste⁸)
1300 3059 1389 3102 nares

212 3137 328 3198 decisae
349 3145 426 3198 sunt.
468 3131 695 3220 Theophanes4)
716 3145 746 3198 et
765 3131 908 3220 Sebeosf‘)
927 3137 1070 3198 Martinae
1090 3138 1221 3216 linguam
1240 3146 1389 3199 exsectam

212 3254 279 3296 esse
310 3237 507 3296 consentiunt.
561 3235 604 3296 Ne
635 3235 714 3295 filius
737 3235 880 3296 Martinae
912 3243 982 3295 natu
1007 3237 1162 3313 minimuS,
1193 3239 1219 3296 si
1247 3255 1262 3296 e
1286 3239 1389 3315 pueris

212 3335 403 3410 excessisset,
428 3333 544 3412 quando
567 3335 726 3411 imperium
750 3340 889 3412 appetere
913 3343 1021 3412 posset,
1046 3341 1193 3394 castratus
1217 3342 1276 3416 est3
1308 3336 1390 3412 gravi

212 3438 310 3491 autem
329 3430 452 3490 vulnere
477 3430 601 3492 allectus
624 3429 707 3490 brevi
730 3440 797 3510 post
816 3426 926 3515 obiitl)
965 3431 1140 3509 Theodosio,
1165 3431 1215 3492 alii
1234 3432 1295 3492 lilio
1313 3432 1389 3492 Mar-

212 3529 305 3606 tinae,
334 3545 423 3607 quem
446 3535 569 3606 propter
592 3527 767 3588 surditatem
791 3532 952 3590 innocuum
977 3548 1043 3590 esse
1066 3538 1258 3609 putaverunt,
1283 3549 1389 3609 peper-

212 3619 355 3709 coronel)
413 3625 572 3705 Postquam
603 3632 815 3686 testamentum
846 3627 975 3687 Heraclii
1005 3629 1124 3688 irritum
1156 3627 1389 3707 declaraverunt,

213 3721 425 3784 Constantinus
454 3723 550 3784 denuo
579 3725 741 3802 imperator
763 3733 952 3803 nuncupatus
976 3719 1058 3808 est.⁸)
1106 3725 1231 3786 Senatus
1256 3725 1390 3786 consulto

304 3862 330 3922 1)
349 3858 391 3913 De
410 3859 463 3913 hac
482 3859 573 3913 altera
595 3863 676 3928 parte
694 3859 765 3914 belli
783 3860 874 3914 civilia
896 3861 971 3916 aolus
989 3861 1108 3915 loanner
1127 3861 1212 3915 Nicia
1231 3862 1390 3915 accuratius

214 3939 282 4008 agit.
320 3939 423 3993 Sebeos
438 3955 498 4008 cap.
512 3945 546 3992 32
556 3940 574 3993 l.
586 3957 608 3994 c.
619 3958 646 4008 p.
659 3945 756 4008 103sq.
778 3941 833 3994 duo
851 3943 994 3996 momenta
1008 3941 1077 3996 belli
1091 3957 1239 4010 perperam
1253 3941 1381 3994 confudit

303 4020 330 4088 2)
348 4019 466 4073 loannes
484 4020 546 4074 Nic.
567 4025 667 4088 579aq.
777 4023 804 4091 3)
822 4021 941 4076 Ioannes
959 4020 1021 4076 Nic.
1041 4040 1068 4090 p.
1088 4027 1148 4074 580.

302 4103 329 4168 4)
348 4098 472 4168 Theopb.
492 4106 600 4169 p.=341,
615 4107 657 4156 25.

303 4182 330 4248 ὁ)
350 4179 453 4233 Sebeoe
476 4199 503 4248 p.
529 4187 587 4234 103.
625 4181 680 4236 Hie
703 4182 823 4252 scriptor
846 4199 994 4252 perperam
1017 4183 1169 4237 Martinam
1193 4199 1257 4236 cum
1281 4183 1389 4236 duobus

212 4258 280 4314 liliis
298 4258 477 4314 interfectam
496 4277 556 4315 esse
575 4261 668 4318 refert.

302 4342 329 4409 6)
348 4339 466 4394 Ioannes
484 4340 546 4394 Nic.
566 4360 593 4410 p.
613 4348 713 4411 deasq.

304 4422 330 4490 7)
348 4419 467 4474 Ioannes
485 4419 546 4476 Nic.
565 4439 593 4489 p.
613 4427 672 4476 581.
710 4423 828 4492 Nicepb.
848 4441 875 4492 p.
898 4429 1056 4492 14,18aqq.
1166 4422 1281 4490 a)1bid.
