3304 5098
768 327 990 392 -50-

290 516 321 568 et
348 527 457 587 equum
482 507 604 569 Graecis
632 509 792 570 traderent.
840 509 897 580 Qui
925 517 1029 570 auctor
1057 511 1149 570 refert
1176 529 1280 589 pacem
1303 512 1380 571 hanc
1404 531 1473 572 esse

289 607 396 668 factam
420 608 451 668 A.
471 607 507 666 Μ.
529 603 630 686 6150,
655 611 704 669 cui
727 611 865 668 convenit
887 609 918 667 A.
936 608 993 668 Sel.
1009 605 1075 668 970
1090 637 1123 656 =
1139 612 1169 667 A.
1185 609 1217 668 b.
1243 605 1348 689 658AE
1396 609 1471 670 Cum

289 701 400 766 bellum
429 707 509 765 inter
531 705 654 765 Mariam
684 705 710 765 el
734 705 780 765 Ali
807 708 891 766 initio
916 707 947 766 A.
967 706 1001 765 H.
1022 700 1097 790 38¹)
1123 707 1357 785 redintegratum
1382 717 1473 787 esset,

289 802 442 881 probabile
472 811 517 864 est
540 803 644 864 eodem
668 822 745 863 anno
769 803 884 882 llegrae
908 807 1029 865 ineunte
1052 807 1220 882 pactionem
1244 807 1323 864 inter
1346 805 1472 866 Mariam

290 905 321 960 dt
349 899 575 961 Constantinum
604 901 711 961 laetam
740 919 815 962 esse.
866 904 960 981 Atque
990 905 1154 980 respiciens
1183 911 1313 981 tempus,
1346 903 1426 982 quod
1455 923 1472 963 a

289 997 468 1078 Theophane
498 999 646 1060 indicatur
675 992 720 1081 (A.
731 999 767 1059 M.
788 994 876 1062 6550
896 1028 938 1049 =
960 998 976 1060 1
1003 999 1082 1079 Sept.
1108 997 1260 1060 658-31
1282 1002 1354 1079 Aug.
1380 995 1474 1085 659),

290 1095 419 1157 tribuam
442 1098 609 1174 pactionem
633 1104 775 1157 autumno
799 1098 830 1157 A.
850 1097 882 1157 ll.
903 1092 1009 1181 658²)

381 1188 565 1277 Cedrenus³)
591 1202 620 1254 et
639 1194 698 1254 Leo
718 1190 968 1279 Grammaticus4)
992 1197 1113 1256 tradunt
1131 1199 1341 1275 imperatorem
1360 1197 1472 1258 blaviae

289 1310 392 1370 pacem
420 1294 534 1371 petenti
561 1311 620 1351 non
644 1292 819 1352 obsecutum
844 1311 923 1372 esse,
950 1293 1063 1353 verbis:
1091 1291 1129 1373 „d
1155 1291 1192 1354 dt
1216 1291 1277 1355 οὐκ
1301 1289 1472 1375 ἐπείσθη“.

289 1389 367 1458 Quid
395 1389 453 1450 sibi
475 1390 549 1450 haec
573 1389 662 1450 verba
685 1390 790 1469 velint,
816 1409 878 1451 non
902 1391 1055 1473 intellego,
1084 1394 1194 1452 etenim
1218 1411 1321 1471 pacem
1346 1412 1378 1452 re
1401 1412 1473 1453 vera

290 1488 453 1547 conlectam
482 1505 547 1548 esse
576 1507 612 1547 ex
640 1487 774 1548 Arabicis
802 1488 974 1549 auctoribus
1000 1482 1050 1571 (cl.
1074 1489 1306 1550 Wellhanseu
1330 1510 1358 1569 p.
1378 1485 1474 1574 421),

290 1583 363 1663 Syro
392 1583 592 1646 Noeldelriano
622 1578 668 1667 (b.
688 1585 724 1646 M.
745 1587 775 1646 Z.
800 1581 842 1646 29
865 1607 893 1665 p.
914 1581 981 1670 96),
1010 1587 1073 1647 Elia
1097 1587 1252 1666 Nisibeno,
1281 1589 1470 1668 Theophane,

289 1679 355 1742 aliis
378 1683 464 1762 plane
488 1690 619 1762 apparet.

380 1781 438 1840 Sed
462 1783 492 1840 in
517 1781 606 1842 rebus
631 1785 762 1842 externis
786 1774 948 1842 tractandis
967 1784 1044 1843 inlra
1063 1801 1232 1862 pergemus,
1255 1802 1335 1844 nunc
1359 1785 1473 1844 adalia

288 1886 482 1938 transeamus

320 2115 477 2187 Quomodo
502 2115 732 2180 Constantinus
756 2116 933 2198 imperator
957 2117 1197 2182 controversias
1221 2134 1340 2200 graves
1364 2135 1444 2182 snae

581 2213 701 2279 aetatis
725 2213 991 2278 monotheleticas
1015 2214 1179 2296 attigerit.

378 2369 419 2428 lle
444 2371 558 2446 origine
583 2377 612 2428 et
635 2378 741 2430 natura
764 2370 1011 2430 monotheleticae
1037 2371 1187 2431 doctrinae
1212 2372 1268 2431 hoc
1291 2370 1354 2431 loco
1374 2373 1473 2432 fusius

290 2483 377 2543 agere
412 2466 540 2526 alienum
569 2486 634 2527 esse
664 2461 778 2551 puto.⁵)
829 2467 935 2528 Paucis
963 2469 1166 2529 tantummodo
1194 2469 1293 2529 verbis
1322 2469 1471 2548 explicare

289 2565 363 2624 mihi
391 2564 490 2644 liceat,
519 2585 674 2644 quousque
703 2567 836 2626 haeresis
864 2567 1093 2626 monotheletica
1121 2585 1279 2645 progressa
1308 2569 1359 2646 sit,
1388 2575 1471 2628 ante-

290 2681 377 2740 quam
402 2662 612 2724 Constantinus
636 2666 796 2742 imperium
820 2663 955 2723 obtinuit.

379 2760 538 2839 Postquam
572 2761 678 2840 CpruS,
713 2763 870 2840 episcopus
903 2761 1132 2841 AlexandrinuS,
1166 2781 1242 2823 anno
1276 2759 1340 2822 633
1373 2765 1473 2823 varias

290 2866 390 2936 partes
422 2859 696 2937 monophysitarum
725 2860 935 2938 Aegyptiorum
964 2860 1156 2921 fundamento
1184 2860 1343 2920 verborum
1372 2861 1469 2940 „pice

289 2950 489 3036 dvapyeloc‘ss
518 2956 596 3035 quod
626 2957 747 3035 Sergius
776 2959 932 3036 episcopus
957 2959 1297 3037 Constantinopolitanus
1325 2976 1473 3036 proposu-

289 3060 365 3132 erat,
398 3049 525 3136 univit⁶)
559 3062 589 3114 et
615 3055 670 3114 bac
699 3058 811 3115 ratione
840 3055 910 3115 fidei
939 3057 1111 3135 catholicae,
1140 3073 1215 3134 quae
1243 3063 1314 3115 tunc
1342 3054 1468 3114 concilio

289 3150 523 3212 Chalcedonensi
547 3155 614 3213 nixa
637 3161 708 3231 erat,
733 3153 797 3212 illos
818 3154 1056 3214 reconciliavisse
1074 3157 1157 3214 visus
1181 3161 1234 3232 est,
1257 3155 1349 3212 nimio
1370 3152 1471 3212 studio

290 3248 456 3328 Sophronii,
482 3253 614 3329 episcopi
632 3251 913 3330 llierosolymorum,
938 3255 1008 3312 unio
1032 3251 1118 3312 modo
1143 3252 1276 3312 conlecta
1299 3249 1471 3329 perturbari

289 3346 453 3407 videbatur.
501 3348 684 3426 Sophronius
714 3351 807 3428 enim,
836 3351 888 3428 qui
912 3350 1037 3410 lormula
1060 3352 1150 3410 unius
1174 3351 1353 3428 operationis
1378 3343 1471 3430 (μίας

289 3439 470 3527 ἐνεργείας)
502 3465 680 3525 magnopere
714 3447 931 3526 offendebatur,
967 3433 1096 3527 epistula
1125 3447 1276 3526 synodica,
1310 3465 1398 3525 quarn
1431 3445 1470 3506 ad

381 3636 406 3702 1)
427 3633 466 3688 Cf.
490 3635 587 3699 Weil,
606 3637 626 3699 Ι,
646 3654 672 3704 p.
689 3641 749 3688 239.
1315 3649 1321 3660 ·

380 3717 406 3783 2)
425 3713 503 3767 Elias
522 3715 612 3769 Nisib.
632 3731 779 3785 perperam
798 3719 912 3784 pactum
932 3717 963 3771 A.
979 3716 1012 3770 H.
1032 3722 1066 3769 42
1086 3721 1139 3784 (26.
1161 3717 1227 3784 Apr.
1248 3721 1380 3768 oon—14.
1400 3717 1470 3783 Apr.

290 3796 351 3862 664)
368 3795 502 3864 assignat.
532 3795 592 3848 Hoc
613 3813 685 3850 anno
706 3796 832 3850 indutias
851 3813 908 3850 non
927 3797 1073 3865 incepisse,
1094 3797 1143 3849 sed
1158 3797 1258 3850 exiisse
1272 3799 1348 3848 recte
1362 3795 1470 3849 Wall-

288 3875 418 3928 hausen
440 3875 467 3945 (l.
488 3893 510 3928 c.
530 3895 556 3944 p.
572 3882 623 3928 421
640 3877 703 3929 adn.
720 3877 745 3944 2)
766 3878 888 3945 exponit.

379 3958 405 4014 3)
424 3955 454 4008 L.
475 3973 497 4009 c.
517 3974 543 4024 p.
561 3961 655 4022 ibid.
765 3959 791 4026 4)
810 3957 840 4010 L.
861 3974 883 4010 c.
903 3975 930 4026 p.
949 3963 1007 4022 158,
1018 3963 1051 4009 92
1063 3975 1103 4024 sq.

379 4038 405 4104 6)
425 4034 464 4089 cf.
481 4034 674 4103 Owsepian‚
692 4037 744 4090 Die
758 4037 1115 4106 Entstehungsgeschichte
1131 4037 1180 4090 des
1195 4035 1467 4102 Monotheletismns,

289 4114 364 4184 Lips.
387 4121 463 4170 1897.
502 4115 645 4185 Kriiger,
665 4116 790 4188 Herzogs
809 4117 884 4172 Prot.
904 4117 1101 4185 Real-Encycl.
1122 4135 1142 4172 s.
1159 4135 1182 4170 r.
1196 4115 1466 4170 Monotheletismus.

380 4198 405 4264 6)
425 4195 490 4264 Cyri
502 4197 605 4266 dogma
614 4197 864 4251 monothelaticum
873 4213 973 4251 novem
984 4197 1127 4265 capitibus
1138 4197 1336 4250 continebatur
1346 4195 1467 4265 (Mansi

289 4275 327 4328 XI
345 4293 373 4344 p.
389 4277 459 4343 663).
489 4309 522 4316 -
551 4276 595 4330 Ab
614 4276 746 4330 Heraclio
766 4279 865 4331 eodem
884 4277 942 4331 fere
960 4279 1087 4346 tempore
1106 4277 1232 4332 Armenii
1252 4279 1280 4330 et
1298 4275 1384 4344 paulo
1402 4279 1469 4345 post

290 4355 352 4424 Syri
373 4356 592 4424 monophysitici
617 4357 652 4410 ad
673 4357 876 4412 consessionem
896 4357 1149 4412 chalcedonensem
1176 4359 1292 4412 adducti
1312 4375 1372 4412 esse
1391 4358 1471 4412 vide--

288 4437 399 4490 bantur.
672 4442 673 4446 ’
