3304 5098
739 341 960 405 „30-

352 522 394 582 lle
409 531 551 601 tempore,
571 541 630 600 quo
644 521 817 583 Valentinus
832 525 991 602 imperium
1006 542 1153 602 occupare
1168 523 1324 602 studuerit,
1344 524 1444 586 lontes

263 620 427 699 divergunt.
469 620 666 699 Theophanes
685 628 766 681 recte
786 621 841 681 sub
860 639 920 681 uno
939 620 1103 700 eodemque
1123 639 1199 681 anno
1218 620 1322 683 mundi
1341 621 1445 700 prodit

260 718 448 780 Valentinum
468 717 656 779 rebellavisse
676 727 707 779 et
724 719 854 798 Petrum,
874 722 925 798 qui
940 718 1015 798 Cyro
1035 721 1224 798 successerit,
1242 719 1442 798 patriarcham

260 816 491 878 Alexandrinum
534 835 601 877 esse
642 819 820 878 institutum.
884 817 942 878 Sed
983 835 1140 896 perperam
1181 825 1338 896 utramque
1376 836 1442 877 rem

261 915 292 975 Α.
313 915 349 976 Μ.
369 912 456 976 6136
476 943 510 962 =
531 909 645 996 64415
675 917 813 994 assignat
868 915 911 975 Ex
940 915 1049 976 loanne
1077 932 1188 975 annum
1216 911 1281 975 642
1309 923 1441 975 statuen-

262 1012 331 1073 dum
364 1031 430 1073 esse
464 1021 594 1092 apparet.
650 1011 724 1072 Nam
757 1015 826 1092 quia
861 1013 987 1092 legimus
1020 1012 1129 1091 Cyrum
1162 1021 1192 1073 et
1224 1012 1296 1072 alias
1329 1030 1379 1072 res
1412 1019 1442 1072 et

260 1111 445 1188 triumphum
469 1118 499 1170 et
521 1112 684 1188 potentiam
703 1108 850 1171 Valentini
874 1111 1012 1189 doluisse,
1037 1109 1135 1188 colligi
1153 1117 1252 1189 potest
1270 1112 1335 1171 eius
1353 1128 1443 1170 usur-

260 1211 410 1288 pationem
438 1210 557 1287 imperii
581 1217 648 1268 ante
677 1216 803 1268 mortem
828 1208 909 1288 Cyri,
937 1211 989 1288 qui
1023 1207 1069 1268 die
1094 1203 1137 1269 25
1167 1207 1297 1286 magdbit
1326 1209 1443 1268 mensis-

262 1302 484 1386 66111161--21
508 1305 555 1366 116
579 1304 700 1366 666111.
720 1303 785 1366 642
809 1307 895 1384 obiit,
924 1307 1031 1366 laetam
1055 1300 1158 1388 essel)
1201 1305 1316 1378 ¹Sebeos
1335 1305 1442 1365 indicit

262 1423 373 1465 annum
406 1403 578 1465 rebellionis
611 1404 737 1464 alterum
771 1406 890 1483 imperii
923 1403 1104 1483 Constantis,
1137 1422 1227 1483 quem
1260 1403 1443 1483 respondere

261 1496 661 1586 666611.6421161161’)
691 1504 854 1583 existimat,
887 1520 959 1562 num
984 1510 1064 1562 recte
1087 1503 1312 1580 usurpationem
1335 1501 1440 1561 Valen-

261 1602 316 1660 tini
347 1600 483 1660 lanuario
513 1602 609 1660 mensi
640 1599 764 1678 tribuat,
794 1601 905 1660 nescio.
952 1598 1039 1660 Certe
1069 1600 1118 1659 hic
1147 1600 1266 1678 patricii
1296 1597 1444 1658 tumultus

262 1699 369 1776 spatio,
396 1697 475 1776 quod
503 1699 583 1758 inter
605 1696 802 1758 Nouembrem
830 1715 964 1757 mensem
993 1699 1063 1757 anni
1087 1693 1150 1757 641
1177 1705 1206 1757 61
1228 1695 1367 1757 1161111161
1392 1715 1443 1757 611-

261 1803 381 1855 6661661
405 1792 563 1856 6661642
587 1797 716 1875 positum
740 1803 794 1874 est,
818 1795 962 1855 conllatus
986 1803 1039 1856 est

350 1891 435 1952 Haud
463 1891 607 1953 absonum
630 1893 748 1953 videtur
777 1895 914 1952 conicere
943 1900 1010 1970 post
1032 1891 1175 1952 Martinae
1199 1891 1442 1970 Heraelonaeque

262 1992 437 2052 eiectionem
465 1993 554 2052 etiam
583 1994 693 2051 amicos
722 1993 877 2068 sociosque
906 2008 1008 2050 eorum
1038 1989 1073 2049 ab
1098 1991 1150 2068 eis,
1179 1991 1231 2068 qui
1255 1988 1441 2050 Constantini

260 2088 396 2168 partibus
420 2089 560 2166 16161661,
586 2089 658 2150 1616
682 2096 822 2149 116616166
847 2095 1024 2166 vexatosque
1049 2106 1128 2169 esse,
1156 2106 1253 2166 neque
1279 2087 1444 2148 delationes

263 2186 392 2247 doluisse
420 2186 566 2247 videntur.
619 2187 743 2247 loannes
772 2185 891 2265 quidem
920 2180 1052 2270 narrat³)
1081 2185 1240 2245 Arcadium
1269 2187 1441 2264 episcopum

262 2284 402 2364 Cyprium
427 2303 442 2344 a
466 2284 621 2345 Valentino
645 2303 711 2345 esse
735 2293 915 2362 accusatum,
938 2283 1018 2362 quod
1041 2286 1154 2344 amicus
1177 2283 1320 2343 Martinae
1344 2291 1374 2343 et
1397 2285 1444 2342 in·

262 2384 338 2444 lesto
362 2384 460 2443 animo
479 2384 510 2442 in
531 2382 765 2461 Constantinum,
789 2401 898 2442 novum
916 2383 1139 2460 imperatorum,
1164 2391 1250 2442 esset.
1298 2380 1443 2440 Constan-

262 2483 351 2560 tinus,
375 2483 425 2559 qui
445 2481 545 2541 verbis
564 2481 711 2542 Valentini
730 2481 819 2542 111661
838 2479 949 2559 habuit,
972 2480 1082 2540 milites
1101 2481 1191 2558 misit,
1215 2488 1249 2540 ut
1268 2481 1440 2558 episcopum

262 2578 451 2639 adducerent.
499 2578 675 2657 Priusquam
704 2588 802 2639 autem
826 2580 971 2659 prehendi
999 2582 1102 2658 potuit,
1131 2580 1229 2639 evita
1254 2577 1443 2638 discesserat.

262 2678 358 2738 Etiam
383 2677 476 2756 Cyrus
504 2677 670 2755 patriarcha
699 2679 806 2756 timuit,
835 2697 872 2738 ne
901 2680 974 2756 ipse,
1003 2680 1080 2738 sicut
1107 2676 1166 2755 1116,
1197 2683 1389 2736 accusaretur
1412 2683 1442 2736 et

262 2783 427 2855 caperetur.
470 2774 522 2834 llis
542 2781 641 2834 autem
661 2777 742 2835 curis
760 2795 842 2836 mors
861 2795 929 2836 eum
949 2769 1122 2858 liberavit4)
1160 2774 1232 2835 liius
1252 2774 1315 2835 loco
1335 2774 1444 2834 Petrus

263 2874 404 2934 diaconus
426 2869 467 2933 14
487 2872 533 2932 116
553 2871 620 2932 16111
639 2875 751 2934 mensis
770 2875 936 2952 patriarcha
951 2873 1167 2933 Alexandrinus
1183 2875 1338 2933 institutus
1358 2865 1440 2954 est⁵)

351 2971 511 3048 Postquam
535 2969 746 3032 Constantinus
770 2973 929 3050 imperium
953 2971 1088 3049 611116611,
1117 2969 1222 3031 616661
1250 2969 1444 3048 neglegentes

263 3070 430 3148 pactionem
461 3087 548 3147 quam
580 3066 674 3146 Cyrus
705 3076 735 3128 et
757 3068 885 3130 Ambrus
916 3070 1048 3130 lecerant
1078 3070 1175 3128 conati
1206 3087 1272 3128 esse
1302 3067 1446 3128 videntur

262 3167 426 3245 Aegyptum
454 3167 509 3226 sub
539 3185 623 3226 suam
650 3173 827 3245 potestatem
855 3168 999 3245 redigere.
1046 3167 1164 3227 Etenim
1194 3166 1318 3226 loannes
1349 3165 1444 3226 relert

262 3264 467 3343 „Valentinum
486 3264 637 3343 Aegyptiis
661 3264 803 3324 auxilium
827 3266 906 3325 16116
930 3284 989 3326 666
1008 3261 1166 3344 potuisse“.
1213 3264 1256 3324 Ex
1275 3265 1322 3324 his
1341 3263 1443 3324 verbis

264 3361 369 3440 colligo
388 3361 516 3422 Graecos
537 3362 687 3423 studuisse
705 3365 888 3442 provinciam
908 3381 1095 3441 recuperare.
1141 3362 1226 3422 Haud
1246 3365 1307 3423 scio
1326 3381 1363 3423 an
1382 3363 1444 3422 huc

263 3460 313 3521 ille
333 3460 415 3520 locus
433 3460 564 3539 Dionysii
584 3459 822 3520 Telmaharensis
842 3463 893 3539 qui
914 3460 1022 3521 dicitur
1041 3468 1163 3539 spectet,
1182 3459 1235 3520 ubi
1253 3460 1442 3521 Valentinum

263 3577 340 3618 anno
369 3557 427 3618 Sel.
452 3553 517 3619 955
537 3587 570 3605 =
590 3558 673 3618 111.
694 3553 800 3639 643s4
828 3557 864 3617 ab
892 3558 1036 3637 Agarenis
1059 3560 1170 3618 victum
1199 3576 1265 3618 esse
1294 3566 1443 3618 narratur.

263 3655 341 3716 Num
359 3674 463 3716 verum
481 3655 632 3734 prodatur,
652 3674 710 3716 non
730 3655 823 3715 audeo
839 3654 1011 3734 diiudicare,
1031 3675 1098 3716 cum
1113 3656 1186 3716 haec
1201 3659 1331 3717 narratio
1347 3657 1444 3735 gravi·

263 3756 308 3814 ori
336 3755 505 3814 testimonio
533 3772 592 3813 non
620 3753 771 3832 probetur.
819 3753 850 3812 Si
874 3771 906 3814 re
934 3771 1002 3813 vera
1032 3751 1137 3813 Graeci
1164 3760 1234 3812 tum¹
1258 3755 1440 3832 provinciam

263 3850 398 3911 hostibus
435 3852 551 3930 eripere
586 3853 684 3911 conati
717 3858 799 3929 sunt,
834 3851 876 3910 nil
909 3851 1086 3911 effecerunt:
1119 3850 1269 3930 Aegyptus
1302 3853 1444 3930 perierat.

263 3948 422 4027 Postquam
446 3947 551 4009 Graeci
579 3951 728 4009 exercitus
756 3968 792 4008 ex
819 3948 1013 4008 interioribus
1041 3948 1212 4026 regionibus
1241 3949 1277 4008 ad
1302 3949 1371 4009 litus
1396 3967 1443 4008 re·

264 4055 431 4126 cesserunt,
463 4045 509 4107 die
540 4043 579 4106 11
606 4046 789 4124 Septembris
818 4048 888 4106 anni
916 4043 981 4107 642
1005 4045 1178 4107 Theodorus
1207 4065 1275 4108 cum
1304 4046 1445 4107 omnibus

354 4211 379 4278 1)
398 4209 517 4263 Ioannes
536 4209 597 4263 Nic.
617 4229 644 4279 p.
665 4214 716 4264 582
736 4210 843 4263 61618.
954 4212 979 4279 2)
999 4209 1017 4264 l.
1038 4227 1060 4264 c.
1080 4228 1107 4278 p.
1129 4215 1179 4264 3159
1201 4210 1264 4264 adn.
1287 4215 1309 4265 1.

355 4289 599 4359 3116666666.
619 4309 645 4360 p.
666 4295 726 4344 582.

354 4372 380 4439 4)
399 4369 517 4424 Ioannes
535 4370 597 4424 Nic.
616 4390 643 4440 p.
665 4376 724 4424 582.

354 4451 380 4520 5)
398 4449 470 4503 Ibid.
488 4468 516 4518 p.
537 4454 602 4517 5833
621 4449 742 4504 Butler
759 4451 778 4504 1.
798 4468 821 4504 c.
840 4469 868 4519 p.
889 4456 949 4506 364.
