3304 5098
757 319 977 384 ..62-

281 511 329 564 tus
354 507 447 581 esset,
472 502 643 581 deponeret.
690 500 768 572 Quin
792 501 904 580 ellecit,
927 508 961 561 nt
983 500 1108 562 Romani
1133 501 1234 562 clerici
1258 502 1315 581 ipsi
1338 501 1458 562 Martini

280 600 494 680 depositionem
518 599 687 680 probarent,
712 618 779 660 cum
804 617 838 659 eo
861 601 926 658 vivo
950 617 1060 658 novum
1079 617 1194 678 papam,
1217 599 1385 678 Eugenium
1404 617 1456 658 no·

277 701 366 778 mine,
391 705 535 759 crearent.

368 796 426 857 Sed
449 796 601 857 videamus
624 815 705 857 nunc
729 795 764 855 de
789 797 871 856 exitu
893 793 1020 855 Martini.
1067 794 1226 873 Postquam
1250 802 1312 856 tres
1335 813 1456 856 menses

278 895 432 972 navigavit,
456 893 571 955 Naxum
594 894 738 973 pervenit,
763 911 819 972 qua
843 892 991 953 ininsula
1015 910 1047 952 se
1066 911 1159 953 unum
1180 911 1290 955 annum
1308 901 1457 954 moratum

279 1011 344 1052 esse
368 993 398 1052 in
423 991 548 1071 epistula
574 991 609 1051 ad
634 990 821 1052 Theodorum
846 990 911 1052 data
935 985 1077 1074 narrat.¹)
1125 990 1208 1052 Unde
1232 992 1383 1070 proiectus
1408 991 1456 1052 die

280 1087 319 1150 17
341 1089 525 1169 Septembris
545 1092 658 1150 mensis
678 1088 963 1168 Constantinopolim
985 1087 1110 1167 advenit,
1133 1095 1167 1149 ut
1186 1097 1291 1150 auctor
1306 1107 1456 1169 „comme-

278 1186 471 1248 morationis“
494 1183 622 1272 reserat)
669 1187 771 1266 ltaque
795 1187 821 1246 si
846 1187 891 1248 his
916 1185 1030 1247 duobus
1054 1186 1127 1248 locis
1151 1186 1225 1248 fides
1248 1186 1381 1266 debetur,
1409 1186 1456 1247 die

281 1283 319 1346 17
351 1284 534 1364 Septembris
565 1287 635 1346 anni
664 1282 729 1347 654
760 1285 933 1365 Byzantium
961 1286 1078 1344 venisse
1106 1284 1255 1364 putandus
1288 1293 1342 1346 est.
1398 1284 1457 1345 Sed

279 1382 443 1444 secundum
477 1383 599 1444 alteram
633 1386 883 1462 computationem
916 1401 1023 1462 annus,
1061 1401 1119 1462 quo
1154 1385 1185 1443 in
1218 1391 1306 1462 caput
1338 1384 1458 1463 imperii

279 1483 403 1560 venerit,
428 1481 602 1542 statuendus
626 1489 691 1541 erat
714 1477 789 1542 653.
835 1481 991 1541 Artissimc
1013 1483 1093 1542 enim
1117 1500 1185 1542 cum
1208 1481 1264 1542 hac
1283 1483 1458 1560 quaestione

279 1587 325 1640 est
352 1578 400 1638 illa
430 1581 602 1657 coniuncta,
631 1579 772 1658 quamdiu
795 1579 905 1640 Paulus
934 1578 1034 1640 sedem
1062 1579 1290 1658 patriarchalem
1314 1578 1456 1640 Constan-

279 1676 418 1756 tinopolis
446 1677 616 1738 obtinuerit.
662 1677 694 1736 ln
718 1674 1036 1756 ‚,commemoratione“
1059 1679 1226 1738 invenimus
1252 1679 1457 1757 quaestionem

278 1777 309 1835 in
333 1775 493 1836 Martinnm
521 1777 687 1836 institutam
719 1794 785 1836 esse
810 1775 857 1836 die
881 1771 937 1854 93,
965 1782 1120 1854 postquam
1145 1775 1318 1854 Byzantium
1341 1776 1457 1836 venerit

281 1866 315 1956 (i.
335 1892 359 1934 e.
382 1869 422 1933 19
443 1871 490 1933 die
508 1872 681 1934 Decembris
703 1867 840 1957 mensis),
865 1880 894 1933 et
916 1872 999 1932 brevi
1022 1881 1090 1952 post
1112 1873 1236 1934 Paulum
1259 1873 1458 1952 patriarcham

279 1979 429 2032 mortuum
462 1989 537 2032 esse.
587 1972 689 2051 ltaque
718 1973 781 2031 nixi
808 1969 907 2031 verbis
932 1969 1052 2030 Martini
1080 1963 1181 2053 (epist.
1210 1970 1246 2031 ad
1274 1964 1397 2055 Theod.)
1427 1977 1458 2030 et

279 2068 599 2148 ‚,c0mmemoratione“
626 2069 709 2130 Pauli
742 2077 868 2130 mortem
899 2069 1019 2128 exeunti
1048 2087 1123 2128 anno
1153 2064 1218 2129 654
1245 2068 1456 2129 tribueremus

279 2168 315 2227 ht
338 2175 441 2227 contra
464 2170 495 2227 in
520 2167 660 2246 catalogis
684 2170 891 2247 episcoporum
911 2165 1303 2245 Constantinopolitanorum
1329 2167 1458 2227 refertur

279 2264 401 2326 Paulum
427 2264 582 2325 duodecim
607 2284 699 2326 annos
723 2265 921 2346 patriarcham
940 2258 1069 2348 suissed)
1117 2264 1245 2325 Etcum
1270 2273 1356 2325 antea
1376 2263 1456 2325 vide·

280 2364 374 2422 rimus
394 2381 462 2423 eum
482 2361 605 2423 Octobri
623 2383 727 2424 mense
748 2365 817 2423 anni
834 2359 897 2423 641
918 2363 1088 2422 institutum
1108 2381 1182 2442 esse,
1201 2363 1310 2424 Paulus
1330 2371 1457 2423 exeunte

280 2479 356 2520 anno
381 2457 446 2521 653
475 2461 584 2521 obiisse
612 2461 737 2523 videtur.
785 2461 827 2521 Ex
856 2459 948 2521 altera
978 2469 1076 2521 autem
1100 2469 1183 2540 parte
1207 2459 1388 2521 monendum
1412 2467 1458 2520 est

282 2557 360 2619 diem
388 2558 471 2619 illurn
501 2555 543 2619 93
573 2552 631 2642 (=
649 2557 689 2619 19
715 2559 792 2619 diem
816 2551 1018 2641 Decembris),
1047 2577 1105 2637 quo
1134 2560 1268 2638 quaestio
1296 2560 1327 2618 in
1350 2577 1457 2638 papam

280 2658 414 2717 instituta
439 2659 486 2735 sit,
516 2657 551 2716 ab
576 2665 696 2717 anctore
719 2655 1047 2736 „commemorationis“
1070 2656 1282 2738 παρασκευήν
1305 2676 1371 2718 esse
1397 2655 1457 2716 dic·

281 2763 343 2815 tum
362 2761 392 2814 et
411 2755 546 2815 Broohs
567 2748 648 2838 (Byz.
665 2755 786 2816 Ztschlt.
802 2755 838 2815 Vl
852 2774 879 2833 p.
894 2751 938 2815 46
954 2754 1020 2815 adn.
1037 2749 1080 2839 1.)
1101 2763 1181 2817 recte
1201 2755 1357 2815 adnotasse
1377 2754 1457 2815 illam

279 2850 492 2934 παρασκευήν
521 2872 588 2913 cum
619 2849 659 2912 19
685 2853 731 2913 die
755 2853 927 2914 Decembris
957 2856 1025 2914 anni
1049 2849 1114 2914 654
1138 2852 1259 2932 quidem
1283 2871 1457 2932 congruere.

280 2948 381 3028 ltaque
406 2953 494 3011 etiam
518 2970 597 3011 nunc
623 2950 744 3012 dubium
768 2952 842 3012 mihi
861 2951 986 3030 videtur,
1009 2960 1110 3012 utrum
1130 2950 1274 3012 Martinus
1295 2969 1372 3010 anno
1392 2946 1456 3011 653

281 3065 317 3106 an
342 3044 407 3108 654
431 3048 716 3128 Constantinopolim
743 3052 872 3128 venerit,
900 3050 1033 3128 quamvis
1057 3047 1219 3128 Krneger
1243 3041 1291 3132 (H.
1301 3047 1334 3108 ll.
1345 3048 1378 3108 E.
1395 3068 1417 3109 s.
1431 3067 1457 3108 v.

281 3141 569 3231 Monotheletismus)
602 3166 656 3226 pro
691 3156 772 3208 certo
800 3155 885 3226 putet
912 3147 1007 3208 solum
1038 3165 1148 3208 annum
1177 3143 1242 3207 653
1272 3147 1303 3205 in
1335 3164 1458 3206 censum

281 3261 390 3303 venire.

370 3342 529 3422 Postquam
557 3346 640 3404 navis
668 3350 787 3423 portum
813 3342 1169 3422 Constantinopolitanum
1193 3343 1285 3420 cepit,
1313 3341 1458 3402 Martinus

281 3440 313 3498 in
336 3439 457 3517 grabato
481 3443 564 3502 navis
588 3443 688 3502 iacens
708 3459 724 3501 a
747 3459 833 3502 mane
856 3459 952 3520 usquc
977 3441 1013 3501 ad
1031 3458 1190 3519 vesperum
1214 3438 1343 3500 ludibrio
1367 3439 1457 3500 faecis

280 3535 451 3616 plebeculae
471 3537 586 3599 oblatus
606 3547 677 3599 erat.
716 3538 776 3600 Sub
796 3557 933 3600 occasum
954 3539 1024 3600 solis
1044 3537 1142 3599 scriba
1163 3537 1292 3618 quidem,
1318 3538 1458 3617 Sagoleva

281 3636 409 3714 nomine,
434 3643 463 3696 et
487 3636 674 3697 excubitores
697 3639 728 3697 in
752 3655 856 3697 navem
875 3644 1029 3716 venerunt,
1054 3638 1105 3715 qui
1127 3654 1234 3716 papam
1254 3639 1286 3696 in
1306 3655 1458 3698 carcerem

371 3783 396 3849 1)
416 3781 524 3834 Mansi
542 3781 568 3834 X
587 3801 613 3850 p.
634 3786 693 3836 853.
803 3783 829 3851 2)
849 3781 919 3836 Ibid.
939 3800 967 3850 p.
987 3787 1046 3836 854.

371 3863 396 3930 3)
417 3860 567 3931 Cabalogos
592 3861 747 3930 complures
771 3862 967 3930 episcoporum
989 3861 1209 3929 Byzantinorum
1232 3860 1362 3914 Broolxs
1382 3861 1458 3930 (Byz.

282 3941 412 3996 Ztschrft.
436 3941 475 3994 VI
497 3959 524 4010 p.
542 3945 586 4010 40)
611 3941 775 4012 composuit
813 3941 871 3996 Alii
890 3942 1013 4012 catalogi
1031 3941 1150 3994 Paulum
1170 3941 1216 4010 deq
1231 3940 1279 4013 ιβ’,
1298 3941 1347 3994 alii
1367 3941 1413 4011 ἔτη
1433 3940 1457 4012 β(

280 4019 385 4090 ἡμέρας
403 4020 447 4082 κε’
471 4022 565 4076 sedem
585 4021 802 4090 patriarchalem
821 4022 977 4076 obtinuisse
995 4021 1129 4077 referunt.
1173 4021 1293 4089 Broohs,
1317 4021 1367 4090 qui
1386 4021 1459 4078 Pau·

280 4101 339 4154 lum
363 4102 408 4155 die
432 4108 465 4156 27
485 4102 646 4157 Decembris
670 4119 694 4157 a.
716 4108 767 4156 654
790 4105 932 4156 mortuum
955 4118 1015 4156 esse
1039 4104 1146 4168 censet,
1176 4101 1281 4156 conicit
1307 4102 1369 4156 loco
1399 4118 1459 4156 ver-

282 4181 380 4235 borum
400 4181 504 4254 ἔτη(ι)ῤ“
524 4181 630 4253 ἡμέρας
648 4181 701 4250 ud,
725 4199 797 4250 quae
817 4182 940 4253 catalogi
960 4182 1124 4248 exhibeant,
1148 4181 1178 4235 in
1198 4183 1351 4252 archetypo
1371 4182 1458 4236 fuisse

276 4257 362 4316 haec:
384 4262 428 4331 ἔτη
449 4261 485 4333 ιγ’
504 4271 595 4332 μῆνας
613 4261 638 4333 β’
657 4261 763 4331 ἡμέρας
781 4262 832 4322 σις’.
870 4263 1025 4316 Numerum
1042 4261 1182 4316 mensium
1197 4261 1223 4334 β’
1239 4261 1376 4316 excidisse
1395 4279 1459 4331 pro-

281 4340 376 4395 babile
399 4342 470 4396 mihi
489 4343 607 4411 videtur,
634 4343 683 4397 sed
701 4343 785 4396 nimis
804 4343 941 4397 violenter
959 4341 1088 4396 Broolrs
1111 4341 1238 4396 conicere
1257 4342 1328 4396 mihi
1347 4342 1460 4396 videtur

282 4439 333 4491 pro
354 4422 399 4491 ἔτη
419 4421 455 4494 ιβ’
476 4438 536 4476 esse
555 4423 686 4491 ponenda
705 4422 751 4492 ἔτη
771 4421 816 4494 ιγ’.
