3304 5098
683 353 904 417 -gq-

207 538 344 597 venimus
360 535 487 596 Graecos
507 535 644 596 omnibus
664 535 829 596 rationibus
848 545 968 595 conatos
988 553 1054 596 esse
1068 535 1227 596 Maximum
1247 535 1282 596 ad
1302 553 1385 598 suam

206 634 296 694 iidem
329 641 379 694 aut
412 633 516 694 saltem
549 633 585 693 ad
617 642 719 713 typum
751 632 937 712 probandum
970 633 1130 715 adducere3
1163 652 1259 713 neque
1288 636 1385 695 minae

205 735 303 812 neque
332 731 533 792 blandimenta
560 751 657 811 neque
684 733 832 811 promissa
860 730 1029 810 defuerunt,
1062 739 1095 792 ut
1124 751 1158 792 ea
1186 750 1260 810 quae
1290 733 1386 792 secuti

206 839 277 891 sunt
299 833 502 910 impetrarent.

293 927 436 999 'Quaestio
458 930 489 988 in
508 927 668 988 Maximum
688 929 812 1006 eiusque
833 926 993 1005 discipulos
1013 945 1089 986 anno
1109 924 1173 988 655
1181 921 1207 1011 ¹)
1227 929 1257 987 in
1278 927 1385 1007 palatio

209 1025 396 1088 senatoribus
421 1025 545 1105 aliisque
569 1025 753 1085 adstantibus
777 1027 912 1085 instituta
936 1033 989 1085 est.
1027 1026 1110 1086 Sicut
1128 1025 1273 1086 Martinus
1297 1028 1385 1086 etiam

205 1125 350 1186 Maximus
378 1126 508 1204 primum
536 1123 713 1202 proditionis
742 1122 973 1202 rebellionisque
1002 1131 1156 1184 accusatus
1181 1131 1238 1202 est,
1267 1143 1334 1184 cum
1359 1126 1387 1184 ei

209 1225 329 1283 crimini
351 1230 526 1300 verteretur,
551 1220 629 1300 quod
649 1223 713 1282 eius
733 1240 822 1300 opera
841 1223 1010 1300 provinciae
1029 1222 1186 1300 Aegyptus,
1208 1221 1386 1301 Pentapolis,

207 1321 308 1380 hlrica
331 1319 452 1406 Graecis
476 1319 512 1380 ab
536 1320 679 1398 Agarenis
703 1327 821 1398 ereptae
846 1327 955 1380 essent.
1000 1318 1113 1380 Deinde
1138 1318 1312 1398 Gregorium
1336 1339 1385 1399 pa·

206 1421 325 1479 tricium
342 1417 514 1478 adhortatus
529 1435 594 1478 esse
606 1416 769 1496 dicebatur,
783 1425 817 1477 ut
827 1425 929 1477 contra
939 1416 1165 1477 Constantinum
1176 1419 1386 1496 imperatorem

207 1515 373 1577 rebellaret.
420 1515 516 1576 Etiam
541 1514 629 1594 qnod.
643 1513 753 1575 llomae
778 1514 921 1594 Gregorio
946 1515 1071 1575 dixisset
1094 1517 1303 1594 imperatorem
1326 1533 1386 1575 non

209 1633 275 1674 esse
296 1613 424 1674 eundem
444 1613 638 1692 sacerdotem,
661 1614 803 1673 nimirum
824 1615 852 1673 ei
870 1612 1030 1692 opprobrio
1051 1613 1150 1673 datum
1170 1621 1223 1673 est.
1260 1611 1386 1673 Maximo

206 1711 332 1772 abducto
356 1711 529 1772 Anastasius
554 1711 628 1771 alter
651 1713 852 1789 interrogatus
876 1719 929 1788 est,
953 1730 1025 1771 num
1050 1710 1139 1770 abbas
1162 1710 1288 1789 Pyrrum
1311 1711 1387 1772 male

206 1811 401 1870 tractavisset.
452 1807 509 1879 Qui
538 1827 605 1868 cum
630 1815 732 1868 contra
755 1811 931 1886 magistrum
955 1827 1042 1868 suum
1066 1827 1126 1868 non
1150 1815 1275 1869 testatus
1299 1816 1386 1888 esset,

206 1906 383 1968 verberibus
407 1907 530 1967 allectus
555 1916 583 1966 et
607 1925 674 1967 cum
698 1905 791 1966 altero
816 1905 960 1985 discipulo
984 1905 1129 1966 abductus
1153 1915 1206 1969 est.
1243 1905 1387 1967 Maximus

206 2008 315 2066 iterum
353 2008 515 2065 arcessitus
548 2024 563 2064 a
596 2004 680 2065 Mena
713 2003 818 2064 abbate
852 2011 1008 2064 accusatus
1045 2012 1103 2082 est,
1141 2003 1219 2082 quod
1251 2005 1387 2064 homines

206 2102 391 2181 adduxisset,
418 2111 453 2163 ut
476 2101 608 2180 Originis
631 2101 751 2162 decreta
779 2111 984 2180 sequerentur.
1031 2101 1113 2162 Hanc
1136 2111 1235 2162 autem
1263 2104 1386 2162 insimu-

207 2201 346 2261 lationem
375 2200 520 2260 Maximus
549 2202 648 2260 statbn
676 2202 792 2260 irritam
821 2199 962 2279 reddidit,
992 2219 1059 2260 cnm
1083 2199 1236 2278 Originem
1262 2200 1386 2260 detesta-

207 2306 299 2360 retur.
347 2297 411 2368 Qno
436 2299 512 2358 lacto
536 2300 620 2358 novis
644 2297 819 2358 criminibus
844 2301 874 2358 in
898 2298 1058 2358 Maximum
1082 2316 1141 2358 non
1164 2297 1286 2377 prolatis
1310 2297 1386 2359 iudi·

208 2399 288 2457 cium
312 2405 358 2457 est
380 2399 532 2456 omissum.

297 2494 358 2554 Sub
373 2512 531 2573 vesperum
547 2493 679 2554 eiusdem
697 2493 756 2554 diei
770 2493 888 2555 Troilus
903 2496 1047 2573 patricius
1062 2501 1092 2554 et
1102 2493 1224 2572 Sergius
1235 2493 1386 2573 Euorates,

208 2595 260 2672 qui
279 2611 413 2653 mensam
433 2594 622 2673 imperatoris
641 2591 867 2670 administravit,
886 2591 1045 2652 Maximum
1066 2594 1096 2652 in
1116 2611 1235 2652 carcere
1251 2591 1388 2652 adierunt

208 2698 238 2751 et
261 2692 522 2768 interrogaverunt
546 2689 581 2750 de
606 2689 830 2768 quaestionibus
855 2689 1038 2769 dogmaticis,
1062 2709 1135 2769 quas
1159 2709 1225 2750 cum
1244 2689 1337 2768 Pyrro
1356 2692 1388 2750 in

206 2789 306 2850 Africa
329 2787 490 2849 habuisset.
527 2788 673 2848 Maximus
697 2788 834 2848 omnibus
858 2787 957 2867 rehuS,
982 2807 1057 2867 quae
1081 2795 1181 2866 gestae
1205 2796 1314 2866 essent,
1338 2806 1387 2848 ex·

206 2886 334 2966 planatis
354 2885 502 2946 addidisse
524 2885 741 2947 dicitur'verba
760 2885 846 2946 haee:
864 2889 949 2963 „Epo
969 2890 1090 2962 quidem
1105 2889 1216 2962 doymo
1227 2891 1388 2964 proprium

206 3003 268 3046 non
295 2987 406 3059 liabeo,
433 2987 490 3044 red
516 3001 673 3046 commune
700 2989 849 3046 ecclesiae
872 2982 1069 3046 catholicae“.
1116 2983 1153 3044 Et
1176 2982 1387 3062 quaerentibus

206 3082 306 3142 Troilo
340 3090 369 3142 et
393 3081 510 3160 Sergio,
545 3101 602 3161 qua
630 3101 662 3142 re
691 3101 759 3142 cum
788 3082 913 3142 ecclesia
938 3081 1261 3161 Constantinopolitano
1290 3082 1387 3142 lacere

206 3179 311 3258 nodet,
344 3178 499 3260 respondit
531 3198 563 3240 se
597 3188 755 3260 propterea
789 3199 857 3240 cum
890 3179 939 3240 illa
972 3180 1097 3241 ecclesia
1130 3182 1300 3240 consentire
1327 3197 1388 3239 non

206 3295 309 3357 posse,
333 3279 402 3357 quia
426 3277 558 3356 Byzantii
582 3296 687 3338 novem
711 3280 807 3357 capita
831 3277 912 3357 Gyri,
937 3279 1079 3357 ecthesin,
1103 3286 1205 3357 typum
1228 3277 1388 3356 probantes

208 3375 333 3436 concilia
357 3383 458 3435 sancta
482 3377 667 3436 reiecissent.

297 3473 370 3534 Cum
391 3471 496 3534 Graeci
519 3475 600 3534 omni
624 3473 721 3534 studio
745 3476 776 3534 in
800 3473 831 3533 id
854 3473 1071 3552 incumberent,
1094 3482 1128 3534 ut
1146 3473 1306 3535 Maximum
1330 3473 1388 3534 sibi

206 3571 442 3650 reconciliarent,
457 3570 617 3651 Eugenius,
636 3589 730 3633 novus
746 3574 902 3651 episcopus
916 3572 1076 3652 Romanus,
1091 3579 1212 3650 paratus
1227 3590 1293 3632 esse
1308 3571 1388 3632 vide·

206 3669 302 3748 batur,
326 3703 369 3711 —
393 3668 472 3729 hand
496 3671 558 3729 scio
583 3688 620 3729 an
642 3668 678 3730 ab
697 3670 823 3730 exarcho
843 3669 987 3730 adductus
1007 3672 1046 3730 sit
1063 3703 1116 3748 -,
1136 3689 1203 3730 cum
1223 3669 1293 3730 sede
1313 3669 1388 3730 Con·

207 3767 467 3846 stantinopolitana
487 3767 593 3828 lacere.
628 3767 722 3846 Atque
738 3786 808 3828 sane
822 3775 948 3846 utraque
964 3767 1098 3846 ecclesia,
1113 3786 1181 3829 cum
1196 3767 1388 3829 fundamento

206 3867 327 3926 unionis
342 3865 477 3943 dogmate
488 3867 579 3926 trium
589 3864 773 3926 voluntatum
789 3865 868 3944 quod
883 3865 993 3926 dicitur
1006 3884 1060 3926 usa
1071 3868 1118 3945 sit,
1129 3867 1298 3927 consentire
1307 3863 1388 3926 vide-

206 3961 303 4024 batur.
331 3963 436 4023 Graeci
450 3971 650 4042 proponentes
665 3964 741 4024 hano
757 3963 931 4044 doctrinam,
946 3983 1021 4043 quae
1036 3966 1117 4025 inter
1129 3963 1388 4025 monotheleticam

207 4069 238 4122 et
261 4061 461 4122 ditheleticam
485 4061 694 4141 intercederet,
717 4060 876 4124 voluemnt
898 4064 930 4122 in
954 4062 1071 4123 Christo
1095 4081 1184 4123 unam
1207 4061 1389 4124 voluntatem

207 4158 432 4221 substantialem
461 4166 492 4220 et
521 4159 593 4220 duas
621 4159 786 4221 voluntates
814 4159 964 4221 naturales
992 4162 1106 4240 inesse,
1134 4159 1388 4222 testemini

206 4276 333 4336 persona
365 4259 579 4336 respiceretur,
613 4256 648 4318 de
676 4277 735 4319 una
763 4258 911 4318 voluntate
941 4258 1099 4319 dicendum
1128 4278 1210 4342 esse3
1244 4261 1290 4320 sin
1318 4277 1388 4319 vero

300 4466 326 4534 1)
346 4463 386 4520 cf.
407 4464 491 4536 Pagi
509 4465 528 4518 l.
549 4483 571 4520 e.
592 4467 636 4520 ad.
658 4483 721 4519 ann.
742 4472 802 4520 657.
