3304 5098
757 299 978 363 ..78-

281 483 355 543 fines
383 484 502 562 imperii
529 490 725 542 mutarentur.
775 481 913 560 Proeliis,
942 500 1017 560 cquae
1041 483 1120 542 inter
1143 482 1292 560 Agarenos
1317 488 1346 541 et
1369 479 1459 540 Grae-

280 599 331 642 cos
368 582 399 640 in
431 581 499 640 Asia
531 582 646 640 minore
679 581 836 640 commissa
869 587 951 658 sunt,
986 581 1134 658 imprimis
1167 581 1315 640 exercitus
1348 578 1459 638 thema·

281 686 343 738 tum
366 678 511 739 Anatolici
538 686 568 738 et
591 679 759 738 Armeniaci
786 678 960 738 interfuisse
987 677 1111 757 putandi
1136 685 1212 738 sunt.
1260 676 1334 737 Cum
1358 685 1461 736 auctor

280 779 356 837 vitae
380 770 554 860 Adeodatil)
579 783 681 836 narret
704 775 850 835 lllizizium
874 775 1046 836 Armenium
1072 775 1263 836 Constantino
1287 781 1405 835 mortuo
1428 777 1460 842 iu

281 874 381 934 Sicilia
411 893 479 934 cum
508 876 640 934 exercitu
669 873 806 934 orientali
835 881 938 933 contra
965 892 1073 934 novum
1102 875 1312 952 imperatorem
1335 871 1460 932 rebella·

279 975 367 1052 visse,
391 972 601 1033 Constantinus
620 981 720 1050 partes
739 973 888 1032 exercitus
908 971 1052 1031 Anatolici
1070 973 1102 1030 in
1122 971 1253 1031 Siciliam
1272 969 1459 1030 transtulisse

280 1069 405 1150 videtur,
429 1089 503 1150 quae
523 1070 606 1131 eiad
626 1070 789 1130 Saracenos
808 1069 1024 1148 impugnandos
1044 1087 1119 1147 opus
1138 1078 1231 1130 erant
1269 1068 1345 1128 Eum
1364 1076 1460 1129 totum

280 1171 445 1229 exercitum
469 1169 607 1228 thematis
626 1167 771 1228 Anatolici
795 1169 826 1226 in
846 1166 976 1226 Siciliam
1001 1185 1102 1227 secum
1124 1166 1243 1227 duxisse
1262 1185 1321 1226 non
1342 1173 1387 1226 est
1405 1184 1461 1225 cur

280 1269 469 1344 coniciamus,
493 1268 561 1346 quia
584 1268 648 1325 veri
672 1265 815 1325 dissimile
835 1273 881 1324 est
900 1267 1109 1343 imperatorem
1128 1250 1236 1342 thema,
1260 1283 1328 1324 oum
1347 1263 1459 1324 Arabes

280 1366 438 1444 quotannis
461 1366 658 1442 incurrerent,
682 1363 820 1424 omnibus
844 1365 938 1440 copiis
962 1362 1128 1423 nudarisse.

368 1461 472 1522 Fidem
500 1462 707 1522 Armeniorum
741 1460 908 1538 ambiguam
938 1479 1004 1521 esse
1033 1463 1105 1521 satis
1134 1461 1229 1520 adbuc
1257 1459 1458 1538 cognovimus.

279 1560 412 1640 [lenique
445 1559 612 1621 audivimus
645 1577 696 1620 eos
728 1558 873 1619 Arabibus
907 1577 939 1618 se
972 1559 1148 1638 subiecisse,
1181 1567 1338 1638 postquam
1366 1557 1459 1617 Maria

280 1677 382 1720 rerum
420 1660 532 1737 potitus
565 1659 612 1718 sit
662 1657 730 1717 lllos
764 1665 862 1718 autem
895 1656 1075 1736 aliquamdiu
1108 1675 1213 1718 rursus
1246 1656 1301 1716 sub
1334 1658 1460 1735 imperio

281 1756 467 1817 Constantini
495 1756 588 1816 luisse
617 1755 815 1833 colligendum
844 1762 902 1833 est,
930 1774 998 1815 cum
1027 1773 1103 1814 anno
1127 1749 1256 1838 667f82)
1281 1773 1332 1815 eos
1356 1761 1460 1814 contra

280 1853 408 1914 Graecos
438 1853 618 1914 rebellantes
647 1855 841 1913 inveniamus
894 1852 1038 1931 Princeps
1068 1865 1165 1913 motus
1199 1852 1341 1913 Saborius
1373 1870 1458 1931 prae—

279 1953 419 2013 thematis
448 1952 516 2030 luit,
545 1953 596 2030 qui
625 1970 640 2010 e
669 1959 756 2029 gente
779 1950 899 2010 Persica
928 1949 1070 2011 oriundus
1099 1950 1195 2010 adhuc
1219 1950 1255 2010 ah
1279 1953 1458 2030 imperatore

279 2051 375 2111 lectus
394 2049 548 2110 beneficiis
573 2050 696 2109 allectus
720 2067 786 2108 esse
811 2041 957 2131 dicitur.³)
1002 2047 1076 2108 Cum
1099 2051 1249 2128 putavisse
1272 2048 1408 2108 videatur
1427 2066 1459 2108 se

279 2148 375 2209 solum
409 2147 520 2208 diutius
554 2146 675 2207 Graecis
708 2148 847 2206 resistere
885 2164 944 2206 non
974 2165 1075 2226 posse,
1113 2146 1250 2226 Sergium
1284 2146 1389 2207 ducem
1423 2145 1459 2205 ad

279 2246 402 2306 blaviam
429 2247 522 2322 misit,
550 2253 584 2306 ut
606 2243 748 2306 auxilium
772 2243 902 2304 Arabum
925 2251 1049 2322 peteret.
1095 2245 1162 2324 lpse
1186 2247 1323 2324 promisit
1347 2262 1379 2304 se
1402 2243 1458 2303 llo-

278 2347 408 2404 maniam
431 2343 578 2403 Arabibus
602 2341 807 2402 subiecturum
830 2360 904 2403 esse.
952 2341 1026 2402 Cum
1050 2341 1275 2422 Constantinus,
1300 2345 1351 2421 qui
1374 2349 1458 2421 patre

279 2442 399 2502 absente
423 2443 582 2520 imperium
606 2442 710 2518 tenuit,
735 2441 930 2519 comperisset
950 2440 1106 2501 Saborium
1130 2457 1198 2502 cum
1216 2441 1360 2518 Agarenis
1380 2459 1458 2500 com-

278 2542 441 2617 municare,
465 2538 612 2599 Andream
637 2538 853 2598 cubicularium
873 2538 1049 2599 Damascum
1074 2541 1162 2617 misit,
1187 2540 1238 2617 qui
1257 2538 1367 2598 blaviae
1392 2537 1459 2598 cha·

279 2637 347 2699 lilae
372 2637 448 2697 dona
471 2638 600 2697 ollerens
622 2636 830 2716 persuaderet,
860 2655 898 2696 ne
923 2656 990 2696 cum
1015 2636 1175 2697 rebellante
1201 2637 1319 2696 laceret.
1357 2635 1460 2713 Legati

280 2735 465 2796 Constantini
489 2745 519 2796 et
538 2735 654 2795 Saborii
672 2734 846 2794 Damascum
871 2753 970 2794 coram
990 2734 1096 2794 chalila
1115 2742 1325 2795 convenerunt.
1363 2733 1458 2793 Theo·

279 2834 391 2913 phanes
420 2843 449 2893 et
477 2833 535 2894 Bar
557 2833 710 2892 Hebraeus
738 2831 827 2892 verba
856 2831 1076 2911 disputationis,
1105 2851 1180 2912 quae
1208 2831 1252 2892 illi
1280 2833 1386 2892 secisse
1416 2830 1459 2889 di·

280 2939 402 3009 cuntur,
443 2932 603 2991 memoriae
645 2929 783 3009 produnt.
844 2929 914 2990 Sine
953 2929 1040 2991 dubio
1078 2929 1166 2990 Arabi
1204 2949 1238 2990 ea
1274 2929 1459 3008 placuerunt,

280 3046 355 3108 quae
389 3027 523 3107 Graecis,
560 3027 695 3088 hostibus
733 3029 810 3105 eiuS,
848 3046 936 3106 quam
973 3031 1100 3088 maxime
1140 3027 1316 3088 detrimento
1350 3035 1458 3087 essent.

278 3125 381 3204 ltaque
405 3128 515 3186 mirum
543 3145 602 3186 non
631 3133 688 3204 est,
718 3125 796 3205 quod
819 3125 953 3186 Andreas
978 3127 1086 3187 lrustra
1110 3134 1233 3187 conatus
1257 3133 1303 3185 est
1327 3144 1343 3186 a
1366 3124 1459 3184 hlavia

280 3242 355 3302 quae
384 3226 489 3302 petivit
520 3225 688 3302 impetrare.
736 3222 810 3284 Nam
841 3226 867 3283 si
894 3223 986 3285 Mavia
1014 3226 1153 3303 promisit
1180 3242 1212 3285 se
1241 3243 1309 3284 cum
1338 3223 1459 3283 Graecis

279 3323 446 3400 pactionem
471 3322 618 3382 iacturum
643 3340 708 3382 esse
733 3339 767 3382 ea
790 3321 973 3401 condicione,
997 3331 1031 3382 ut
1055 3325 1082 3382 ei
1105 3322 1259 3401 vectigalia
1278 3321 1459 3382 Graecorum

279 3417 482 3497 traderentur,
519 3421 678 3498 praescivit
711 3418 839 3480 Graecos
876 3420 952 3480 hane
989 3419 1194 3480 condicionem
1231 3421 1459 3498 iniquissimam,

280 3535 356 3595 quae
385 3516 429 3576 nil
459 3516 538 3576 aliud
566 3519 625 3576 nisi
652 3517 770 3578 illorum
795 3517 1010 3578 subiectionem
1033 3517 1129 3596 vellet,
1153 3517 1361 3597 repudiaturos
1385 3535 1459 3577 esse.

368 3614 527 3693 Postquam
547 3615 680 3676 Andreas
703 3615 813 3676 lrustra
837 3634 903 3676 oum
929 3615 1035 3676 chalila
1059 3618 1127 3694 egit,
1150 3615 1319 3676 Melitenam
1339 3634 1370 3676 se
1390 3633 1459 3674 con·

279 3712 356 3792 tulit,
379 3711 432 3772 ubi
456 3712 568 3791 Sergio,
592 3731 608 3772 a
631 3732 690 3792 quo
714 3731 814 3774 coram
834 3713 927 3774 Maria
950 3732 1053 3792 graves
1078 3713 1272 3774 contumelias
1296 3720 1460 3792 acceperat,

279 3810 404 3872 insidias
441 3809 601 3870 collocavit.
657 3810 713 3872 llic
750 3813 830 3872 enim
866 3813 898 3871 in
936 3811 1060 3872 eandem
1097 3813 1262 3890 regionem,
1304 3820 1460 3890 postquam

280 3909 387 3969 chalila
425 3911 453 3969 ei
489 3910 627 3988 promisit
663 3928 695 3970 se
732 3908 890 3970 Phadalam
928 3928 996 3970 oum
1033 3909 1168 3970 Arabicis
1206 3911 1299 3988 copiis
1337 3907 1460 3968 Saborio

371 4092 396 4159 1)
415 4089 475 4143 Lib.
495 4088 596 4158 pontif.
614 4089 628 4142 1
645 4108 673 4160 p.
690 4095 750 4156 190,
760 4096 785 4146 6.

371 4172 396 4239 2)
417 4169 475 4224 Soli
495 4170 679 4239 Theophanes
699 4170 741 4240 (A.
752 4169 789 4224 M.
810 4175 879 4224 6159
894 4197 928 4215 =
943 4169 976 4224 A.
987 4169 1019 4223 D.
1041 4169 1130 4242 colse)
1155 4172 1183 4223 el
1202 4169 1258 4224 Bar
1275 4169 1421 4224 Hebraeus
1440 4168 1458 4220 l.

280 4266 303 4305 o.
313 4267 340 4318 p.
353 4256 403 4303 113
414 4250 497 4304 huius
512 4249 673 4304 rebellionis
688 4249 860 4306 mentionem
874 4250 991 4318 faciunt,
1007 4266 1126 4318 quorum
1140 4250 1315 4306 uenationes
1326 4248 1362 4302 ad
1373 4266 1460 4302 unum

279 4330 456 4398 eundemque
474 4330 581 4384 fontem
599 4331 764 4386 referendae
783 4333 856 4386 suni.

371 4413 397 4479 2)
416 4411 472 4464 Bar
489 4410 634 4466 Hebraeus
653 4429 680 4480 p.
697 4417 756 4464 114.
