3304 5098
677 337 895 401 ..qq-

198 520 252 582 sed
280 522 350 600 qnia
374 518 479 581 Graeci
507 527 643 581 auctores
670 520 759 580 huius
787 521 832 580 rei
859 521 1002 580 memoria
1030 522 1102 581 satis
1131 520 1236 598 dignae
1263 520 1375 581 nullam

197 620 380 680 mentionem
403 617 523 697 iaciunt,
548 617 583 680 de
602 617 725 679 Arabica
749 619 918 679 narratione
943 616 1136 679 dubitandum
1160 636 1226 680 esse
1250 618 1375 679 videtur.

196 716 391 796 Theophanes
415 724 530 777 tantum
553 717 626 776 baec
649 715 741 776 refert
760 708 807 799 (A.
826 715 862 776 Μ.
883 710 971 777 6154
986 744 1028 764 =
1044 709 1170 801 662s3):
1200 713 1311 799 Τούτῳ
1330 719 1377 800 τῷ

196 807 263 876 ἔτει
287 809 551 896 ἐπεστράτευσαν
574 811 606 876 ol
621 808 756 894 Ἄραβες
778 811 860 875 κατὰ
875 807 1052 892 ‘Papanios
1075 809 1129 875 καὶ
1153 814 1298 886 πολλοὺς
1320 808 1376 897 ᾐχ-

195 909 412 992 μαλώτευσαν
433 905 488 972 καὶ
511 911 634 985 τόπους
656 911 792 984 πλείους
814 909 1002 992 ἠρήμωσαν.

287 1010 383 1071 Etiam
412 1009 615 1088 expeditiones
642 1010 760 1071 navales
784 1010 925 1070 Saraceni
952 1009 1002 1071 illo
1031 1018 1165 1088 tempore
1190 1010 1287 1071 denuo
1311 1029 1376 1072 sus·
1483 1004 1487 1012 '

197 1115 350 1188 oeperunt.
411 1107 499 1168 Teste
536 1101 675 1193 labari²)
713 1107 812 1168 Busdr
848 1111 985 1188 sequenti
1022 1126 1099 1169 anno
1137 1101 1183 1191 (A.
1207 1107 1241 1169 H.
1264 1105 1309 1169 44
1333 1137 1376 1158 --

195 1203 227 1267 4.
246 1205 329 1285 April
353 1202 515 1267 664-23.
534 1205 617 1266 Mart.
642 1199 722 1289 665)
756 1225 823 1266 eum
853 1206 947 1266 classe
976 1205 1099 1267 Arabica
1127 1205 1256 1267 Graecos
1284 1207 1376 1268 laces·

196 1306 274 1365 sivit.
313 1304 445 1383 Amplior
463 1304 555 1364 fuisse
574 1303 693 1364 videtur
714 1305 855 1382 incursio,
879 1323 967 1383 quam
982 1303 1045 1364 Abd
1060 1304 1094 1364 Al
1108 1303 1267 1384 liacbman,
1291 1323 1376 1384 prae·

197 1403 294 1464 lectus
313 1402 486 1480 Emesenus,
511 1403 589 1462 fecit.
631 1404 715 1463 Anno
735 1397 800 1463 665
819 1404 850 1461 in
868 1401 1042 1463 Romaniam
1064 1404 1235 1481 irrumpens
1254 1421 1376 1464 cursum

196 1500 325 1562 mediam
352 1519 407 1579 per
434 1501 533 1561 Asiam
560 1501 706 1560 minorem
735 1501 831 1561 tenuit
859 1507 901 1578 et,
934 1507 1091 1579 postquam
1119 1503 1219 1580 copias
1247 1520 1316 1562 suas
1344 1503 1375 1562 in

196 1606 277 1659 terra
295 1598 424 1659 hostium
448 1599 479 1657 in
503 1597 637 1658 hibernis
657 1597 817 1676 collocavit,
841 1616 910 1658 vere
930 1600 1000 1658 anni
1019 1594 1083 1659 666
1105 1598 1224 1659 domum
1243 1592 1375 1683 reditui).

195 1696 289 1776 Syrus
308 1693 527 1757 Noeldekianus
546 1698 598 1775 qui
616 1695 703 1774 paulo
722 1697 890 1756 accuratius
910 1695 945 1756 de
964 1696 1019 1756 hac
1039 1695 1226 1776 expeditione
1246 1696 1376 1777 disserit,

195 1794 337 1855 nonnulla
356 1793 463 1873 oppida
481 1796 622 1873 nominat,
642 1813 716 1873 quae
731 1793 795 1853 Abd
809 1793 843 1852 Al
857 1793 1006 1854 llacbman
1026 1796 1141 1874 cepisse
1162 1793 1279 1874 dicitur,
1297 1797 1377 1856 inter

195 1892 268 1953 baec
288 1894 377 1952 etiam
396 1892 559 1972 Smyrnam.
592 1891 676 1953 Haud
695 1893 757 1952 soio
776 1911 812 1952 an
832 1890 896 1952 Abd
910 1891 944 1951 Al
958 1890 1108 1952 Raclrman
1128 1900 1186 1952 tam
1205 1895 1325 1971 penitus
1344 1895 1376 1954 in

196 1999 307 2051 terram
339 1989 468 2050 bostium
501 1992 702 2069 penetraverit
733 1998 903 2068 propterea,
936 1989 1014 2069 quod
1043 1992 1107 2050 eins
1135 1993 1214 2051 vires
1242 1993 1374 2070 quinque

194 2087 315 2149 milibus
345 2087 560 2166 Solavinorum‚
593 2090 645 2167 qni
673 2107 704 2148 se
733 2107 800 2148 cum
824 2087 970 2148 Arabibus
999 2089 1226 2168 coniunxerant,
1254 2108 1374 2168 magno·

194 2204 267 2265 pere
287 2193 389 2246 auctae
408 2193 486 2266 sunt,
504 2194 538 2247 ut
552 2186 746 2265 Theophanes
767 2180 895 2269 refertf)
933 2184 1148 2247 Nonnullarum
1167 2187 1375 2267 calamitatum,

195 2303 269 2362 quas
287 2283 400 2344 Arabes
418 2286 608 2344 incurrentes
627 2292 813 2362 acceperunt,
833 2286 918 2345 testis
937 2293 984 2344 est
1002 2283 1094 2362 Syrus
1113 2278 1374 2370 Noeldekianus.⁶)

195 2380 259 2442 Abd
273 2381 307 2440 Al
321 2381 470 2442 liacbman
489 2389 642 2442 revertens
657 2381 808 2442 SolavInos
828 2401 929 2442 secum
950 2381 1040 2460 duxit,
1060 2382 1168 2460 quibus
1187 2384 1218 2442 in
1238 2382 1374 2444 Seleuco·

194 2471 262 2540 bolo
286 2481 350 2540 vico
374 2479 410 2539 ad
433 2480 591 2558 Apameam
615 2481 671 2540 sito
696 2479 844 2540 domicilia
868 2479 933 2541 data
957 2487 1035 2540 sunt.
1074 2480 1234 2559 Postquam
1257 2480 1321 2541 Abd
1340 2481 1374 2542 Al

194 2576 345 2638 Raobman
369 2577 506 2638 Emesam
529 2577 627 2656 rediit,
650 2577 743 2637 blavia
766 2585 887 2638 auctore
911 2578 1086 2638 interiectus
1111 2588 1166 2657 est,
1190 2580 1300 2658 quippe
1325 2581 1374 2640 cui

193 2693 300 2754 magna
322 2674 403 2736 illius
426 2678 557 2754 potentia
580 2677 745 2754 suspiciosa
768 2671 960 2759 videretur.⁶)

285 2772 326 2833 lle
350 2773 520 2834 nominibus
545 2772 662 2851 ducum,
686 2775 737 2852 qui
761 2773 999 2852 expeditionibus
1019 2793 1163 2835 annorum
1183 2771 1247 2836 666
1263 2771 1371 2836 81667

194 2879 365 2950 praeerant,
393 2871 489 2932 fontes
518 2871 682 2949 divergunt.
729 2869 836 2932 'labari
865 2871 920 2931 sub
948 2872 980 2932 A.
999 2872 1034 2933 Η.
1053 2869 1096 2933 46
1121 2865 1179 2954 (13
1198 2872 1283 2934 biart.
1307 2869 1372 2935 666

195 3002 237 3012 -
262 2964 385 3029 2Mart.
410 2963 490 3053 667)
523 2969 655 3048 plurium
688 2968 797 3029 ducum
829 2972 1011 3030 mentionem
1050 2965 1160 3055 lacitl)
1221 2970 1299 3032 Num
1337 2971 1373 3032 de

195 3066 321 3126 diversis
358 3066 595 3145 expeditionibus
633 3066 766 3128 eiusdem
805 3069 874 3127 anni
911 3076 1027 3146 agatur,
1066 3068 1223 3129 diiudicari
1259 3071 1372 3149 nequit.

194 3163 301 3224 'labari
338 3173 369 3226 et
399 3164 479 3226 Elias
512 3164 673 3226 Nisibenus
705 3167 896 3226 consentiunt
928 3165 1050 3244 Malilrlr‚
1088 3167 1182 3227 lilium
1215 3167 1373 3246 llubeirae,

193 3263 226 3321 A.
245 3260 279 3322 H.
298 3259 341 3321 47
371 3264 470 3341 copias
499 3262 638 3324 Arabicas
671 3265 702 3322 in
731 3261 912 3324 Graecorum
945 3265 1020 3325 lines
1054 3263 1174 3326 duxisse
1208 3265 1308 3346 ibique
1341 3267 1372 3326 in

193 3359 327 3420 bibernis
351 3360 540 3422 collocavisse
565 3353 803 3444 (11186118).

283 3456 423 3528 Quamvis
447 3458 558 3519 Arabes
587 3460 745 3538 quotannis
772 3460 902 3538 impetus
931 3462 962 3519 in
984 3459 1157 3520 Romaniam
1187 3469 1371 3540 renovarent,

193 3565 291 3618 tamen
320 3557 487 3617 invenimus
518 3543 569 3617 eos
601 3556 696 3616 nullas
730 3558 867 3634 regiones
899 3557 1019 3618 latiores
1047 3558 1133 3618 Asiae
1164 3560 1289 3620 minoris
1322 3578 1371 3620 ex·

193 3655 371 3733 pugnavisse
403 3673 516 3734 suoque
549 3656 673 3734 imperio
702 3653 881 3716 adiunxisse.
936 3657 1031 3734 Atque
1060 3658 1207 3716 conicitur
1233 3659 1298 3717 iure
1326 3658 1371 3718 in·

192 3753 271 3830 signi
299 3747 517 3837 institutione⁸)
546 3753 708 3813 thematum
736 3751 857 3831 quidem
889 3753 1072 3832 prohibitum
1100 3773 1179 3833 esse,
1212 3756 1370 3833 quominus

282 3881 308 3948 1)
327 3878 446 3933 Journal
459 3879 491 3934 of
501 3879 630 3935 Hellenio
641 3879 719 3934 saud.
732 3883 773 3934 18.
790 3885 859 3933 1898
869 3897 896 3948 p.
909 3885 973 3945 1843
988 3880 1064 3934 Elias
1075 3880 1165 3934 Nisib.
1177 3880 1229 3934 sub
1238 3881 1270 3935 A.
1281 3880 1315 3935 H.
1326 3885 1369 3937 48.

282 3961 309 4030 2)
328 3959 446 4014 Journal
465 3961 498 4014 ol
513 3959 641 4015 Hallenio
660 3959 738 4016 Stnd.
760 3965 802 4014 18.
832 3965 901 4013 1888
920 3979 948 4030 p.
965 3967 1024 4016 184.

282 4042 308 4108 8)
329 4040 369 4094 lle
392 4042 518 4110 tempore
543 4041 627 4095 huius
651 4039 803 4094 invasionis
826 4039 1050 4095 Wellhausan
1077 4041 1235 4097 accuratius
1259 4041 1326 4112 egit.
1350 4041 1369 4097 1.

191 4136 216 4174 c.
234 4137 262 4189 p.
278 4125 378 4189 421sq.

281 4202 308 4270 4)
327 4200 453 4271 Theoph.
472 4219 499 4270 p.
520 4206 694 4269 348‚18sqq.
804 4203 831 4270 5)
850 4201 880 4255 L.
901 4219 923 4256 c.
943 4219 970 4272 p.
986 4207 1069 4271 ilisq.

281 4283 308 4347 6)
326 4280 422 4336 Journ.
443 4281 474 4335 of
489 4279 618 4336 Hellenic
638 4281 716 4336 saud.
736 4280 754 4336 l.
775 4297 797 4337 o.
816 4299 844 4350 p.
861 4285 920 4337 188.
1040 4282 1155 4353 r)1bid.

281 4362 308 4430 8)
329 4358 369 4415 cf.
397 4359 433 4415 H.
462 4359 594 4429 Gelaer,
622 4360 675 4415 Die
703 4360 820 4417 Genesis
845 4361 897 4416 der
922 4361 1038 4432 Byzant.
1067 4361 1368 4432 Themenverfassung‚

190 4439 314 4512 Abhdlg.
335 4440 361 4495 d.
382 4441 471 4495 sbohs.
492 4439 554 4494 Ges.
575 4441 601 4496 d.
621 4441 665 4495 W.
699 4449 742 4496 41.
762 4442 812 4497 Bd.
846 4441 1036 4498 philol-Hira.
1055 4443 1154 4497 Klasse
1175 4448 1215 4498 18.
1250 4448 1327 4498 1899.
