3304 5098
753 349 791 358 -
840 312 883 376 ffi
930 349 971 358 -

274 491 457 578 ἱερωσύνης
480 499 540 556 τοῦ
564 514 599 556 τε
623 493 748 556 οἰκείου
767 494 904 574 κλήρου,
928 492 1064 576 τρόποις
1083 489 1206 554 ἅπασιν
1226 487 1452 555 ἐκπεσοῦνται.

273 589 302 653 εἰ
327 585 362 654 δὲ
386 587 525 673 μοναχοί
554 584 622 654 εἷεν
650 587 939 672 ἀφοριζέσθωσαν,
966 585 1021 653 καί
1049 599 1116 652 τῶν
1141 589 1237 652 ἰδίων
1259 587 1452 674 ἀλλοτριού-

273 693 412 752 σδωσαν
434 689 553 752 τόπων.
594 688 622 752 εἰ
646 682 683 750 δὲ
707 685 802 764 ἀξίαν
825 686 845 768 il
869 685 976 769 ζώνην
998 686 1018 770 ll
1046 689 1222 769 στρατείαν
1244 683 1366 770 ἔχοιεν,
1394 711 1452 769 γυ-

272 785 509 868 μνωῦήσονται
531 786 668 850 τούτων.
712 787 743 849 εί
765 779 802 848 δὲ
824 789 997 859 τελοῦντες
1016 781 1054 848 ἐν
1073 784 1231 867 ἰδιώταις,
1255 785 1284 848 εἰ
1302 780 1366 867 μὲν
1384 796 1454 849 τῶν

272 882 443 967 ἐπισήμων
466 885 559 959 ὄντες
582 883 791 966 τυγχάνοιεν,
819 881 880 964 τήν
903 891 971 945 τῶν
993 879 1213 973 ὑπαρχόντων
1236 882 1349 958 αὐτοῖς
1370 881 1452 947 ὑπο-

273 982 451 1064 στήσονται
470 982 640 1064 δήμευσιν.
678 981 706 1044 εἰ
726 979 763 1044 δὲ
782 989 850 1043 τῶν
869 979 1010 1062 ἀφανῶν
1030 982 1280 1063 καθεστήκοιεν,
1303 981 1386 1064 πρὸς
1405 987 1452 1066 τῷ

271 1087 332 1143 τοῦ
352 1075 503 1160 σώματος
526 1077 638 1142 αὐτῶν
657 1079 811 1165 οἰκισμῷ,
839 1077 893 1141 καὶ
913 1076 1023 1164 ἐξορίᾳ
1047 1079 1192 1160 διηνεκεῖ
1214 1081 1451 1162 σωφρονισθή-

272 1192 401 1240 σονται·
439 1175 482 1252 ὡς
520 1173 562 1240 ἀν
599 1176 740 1251 ἅπαντες
778 1179 872 1263 φόβῳ
910 1183 955 1264 τῷ
989 1176 1071 1258 πρὸς
1105 1175 1191 1239 Θεὸν
1224 1177 1453 1259 συνεχόμενοι,

271 1273 325 1337 καί
353 1273 411 1348 τάς
438 1272 658 1356 ήπειλημίνας
686 1274 800 1350 αὐτοῖς
829 1273 926 1352 ἀξίως
949 1274 1067 1349 ποινάς
1091 1272 1343 1356 εὐλαβούμενοι,
1363 1273 1451 1339 ἀσει-

272 1372 352 1435 στδν
375 1394 409 1435 τε
432 1369 487 1435 καί
507 1371 673 1456 ἀτάραχον
696 1373 758 1455 τήν
777 1374 914 1454 εἰρήνην
932 1382 999 1436 τῶν
1018 1370 1122 1454 ἀνίων
1145 1379 1206 1435 τοῦ
1232 1375 1319 1436 Θεοῦ
1344 1373 1451 1455 φυλά-

273 1466 373 1546 ξωσιν
397 1467 609 1552 ἐκκλησιῶν“.

362 1568 574 1630 Constantinus
612 1572 703 1650 igitur
740 1573 851 1648 animo,
889 1572 940 1649 qui
982 1589 998 1630 a
1032 1569 1158 1631 duarum
1189 1572 1319 1649 partium
1353 1569 1453 1631 studio

272 1667 386 1728 alienus
432 1677 509 1747 erat,
556 1670 773 1729 controversias
814 1668 954 1729 molestas
995 1687 1174 1747 componere
1215 1667 1320 1746 voluit,
1363 1677 1452 1747 atque

272 1765 495 1827 concedendum
537 1774 583 1826 est
623 1766 680 1827 hoc
718 1766 874 1826 consilium
911 1768 1025 1826 ratione
1064 1765 1189 1844 quadam
1228 1774 1257 1826 et
1292 1765 1452 1846 prudentia

272 1870 390 1942 captum
421 1882 496 1925 esse.
548 1863 660 1934 Quodsi
688 1866 849 1943 imperator
878 1865 1006 1942 speravit
1034 1871 1102 1942 typo
1131 1883 1184 1924 sno
1214 1863 1361 1924 discordia
1389 1863 1452 1924 tolli

272 1979 371 2040 posse,
396 1962 518 2039 erravit,
542 1979 609 2021 cum
634 1963 665 2020 in
688 1960 744 2020 hoc
769 1959 888 2020 decreto
913 1963 977 2040 ipso
1002 1979 1090 2022 causa
1113 1979 1257 2022 novarum
1281 1969 1452 2022 controver—

271 2060 383 2118 siarum
398 2060 610 2119 contineretur.
644 2058 761 2120 Etenim
778 2057 936 2119 ditbeletae
947 2067 1015 2137 typo
1025 2077 1205 2138 magnopere
1215 2059 1452 2138 offendebantur,

271 2155 351 2235 quod
380 2175 415 2216 ex
444 2175 548 2217 eorum
576 2159 723 2218 sententia
751 2155 826 2216 bona
856 2155 989 2216 doctrina
1017 2157 1179 2218 orthodoxa
1201 2176 1259 2218 una
1284 2177 1351 2218 cum
1375 2157 1452 2218 mala

270 2253 389 2314 haeresi
413 2254 639 2315 monotheletica
663 2256 891 2333 opprimeretur.

358 2350 412 2412 Die
447 2349 487 2412 13
520 2351 579 2412 Mai
607 2355 676 2412 anni
705 2347 769 2412 649
798 2351 971 2413 Theodorus
1003 2371 1078 2431 papa
1110 2355 1169 2412 vita
1198 2351 1348 2434 discessit3
1382 2372 1451 2413 cnm

270 2448 350 2510 nullo
365 2449 429 2510 loco
448 2452 635 2510 inveniamus
654 2469 722 2510 eum
737 2452 896 2528 quicquam
916 2456 1017 2510 contra
1031 2457 1134 2528 typum
1149 2452 1321 2528 nuperrime
1337 2450 1451 2512 editum

269 2547 406 2608 molitum
439 2567 518 2626 esse,
552 2542 731 2631 conicitur¹)
765 2567 871 2626 papam
902 2546 1052 2626 exemplar
1079 2547 1159 2607 illius
1189 2547 1302 2608 decreti
1331 2551 1451 2609 omnino

270 2664 329 2706 non
353 2644 472 2706 vidisse.
515 2646 556 2706 Eo
576 2647 670 2724 magis
694 2653 792 2705 autem
811 2645 964 2724 Martinus,
988 2663 1081 2705 novus
1099 2664 1182 2724 papa,
1207 2647 1258 2724 qui
1282 2645 1329 2706 die
1349 2643 1452 2707 blulii

270 2747 382 2804 mensis
402 2737 589 2827 successit²)‚
613 2745 695 2803 omni
714 2743 812 2803 studio
832 2751 933 2822 typum
952 2762 1011 2803 non
1031 2743 1135 2821 solum,
1159 2743 1211 2802 sed
1230 2752 1321 2804 totam
1340 2752 1451 2805 sectam

269 2842 527 2903 monotheleticam
557 2843 748 2920 impugnavit.
794 2839 869 2900 Nam
892 2840 1018 2901 Maximo
1044 2835 1216 2925 nronente³)
1246 2841 1350 2902 eodem
1373 2861 1451 2903 anno

271 2939 308 3000 ad
346 2939 452 3019 dogma
487 2942 577 3001 unius
612 2939 770 3000 voluntatis
803 2938 1009 2999 detestandum
1042 2941 1073 2998 in
1096 2939 1226 3006 *basilica
1259 2939 1451 3001 Constantina

271 3035 464 3098 Lateranensi
502 3036 646 3116 synodum
684 3031 901 3120 convocavit⁴)‚
940 3039 988 3097 cui
1026 3039 1157 3116 episcopi
1189 3037 1284 3098 ltalici
1318 3030 1453 3119 (praeter

269 3129 536 3218 Langobardicos),
561 3135 662 3214 Siculi,
687 3134 773 3195 Sardi
796 3137 970 3194 intererant.
1016 3133 1113 3194 Etiam
1137 3134 1304 3214 complures
1328 3135 1451 3197 abbates

270 3230 377 3294 Graeci
410 3241 440 3294 et
471 3233 621 3306 monachi,
655 3235 707 3312 qui
740 3251 775 3293 ex
804 3232 997 3293 orientalibus
1027 3231 1198 3310 regionibus
1225 3241 1292 3311 post
1320 3233 1450 3294 Arabum

269 3332 452 3392 invasionem
489 3331 612 3392 Romam
650 3331 819 3409 confugisse
856 3330 1007 3408 videntur,
1044 3329 1175 3390 aderant.
1232 3330 1398 3392 Concilium
1431 3351 1448 3390 a

270 3427 318 3488 die
351 3425 371 3491 5
397 3448 492 3509 usque
527 3429 563 3489 ad
596 3427 636 3490 31
667 3428 805 3489 Octobris
838 3431 950 3488 mensis
983 3435 1195 3506 congregatum
1229 3437 1293 3488 erat
1325 3431 1451 3508 eiusque

270 3535 348 3608 acta,
386 3546 460 3607 quac
498 3529 597 3588 statim
632 3526 742 3587 Graece
775 3526 980 3605 vertebantur,
1018 3526 1105 3605 plena
1138 3525 1174 3585 ad
1206 3543 1261 3586 nos
1293 3535 1449 3588 venerunt.

270 3624 435 3686 Concilium
460 3624 611 3703 Sergium,
636 3625 754 3703 Cyrum,
778 3625 912 3703 Pyrrum,
936 3623 1059 3684 Paulum
1084 3623 1268 3702 patriarchas
1291 3625 1451 3686 haereseos

269 3731 423 3784 accusatos
466 3725 648 3801 argumentis
686 3722 789 3801 culpae
827 3723 976 3800 congestis
1013 3729 1200 3781 exsecratum
1238 3730 1291 3803 est.
1352 3721 1450 3800 Opera

270 3820 390 3900 quidem
428 3838 531 3880 eornm
564 3829 594 3880 et
625 3828 712 3899 typus
745 3819 914 3880 Constantis
948 3818 1105 3898 reprobata
1138 3827 1167 3878 et
1202 3818 1337 3881 damnata
1370 3828 1451 3881 sunt.

360 4021 385 4089 1)
405 4018 529 4073 Helele
547 4018 587 4071 lII
604 4036 632 4087 p.
649 4023 707 4072 189.

359 4101 386 4168 2)
405 4098 544 4152 Martinus
570 4097 665 4152 sedem
685 4099 866 4166 occupavisse
885 4098 1000 4166 dieitur,
1026 4100 1179 4165 antequem
1204 4099 1264 4153 eius
1289 4098 1389 4153 electio
1413 4098 1451 4152 ab

268 4178 440 4248 imperatore
459 4177 641 4247 comprobata
660 4178 705 4233 sii.
744 4177 783 4232 ef.
803 4178 914 4232 Mansi
932 4177 956 4229 X
976 4195 1003 4246 p.
1019 4182 1079 4232 852.

360 4261 386 4329 3)
406 4258 532 4328 Theoph.
547 4276 578 4327 p.
599 4263 712 4326 3³lr27·

358 4340 384 4408 l)
404 4337 474 4392 Ibid.
490 4357 517 4407 p.
533 4343 594 4407 332,
606 4345 633 4392 1:
652 4342 690 4410 τῷ
705 4337 737 4392 δ’
752 4338 806 4393 ἔτει
820 4346 869 4407 τῆς
883 4333 1025 4409 βασιλείας
1040 4338 1232 4406 Κώνσταντος,
1252 4339 1408 4394 ἰνδικτιῦνι
1422 4338 1450 4406 ή,

268 4417 990 4490 ἀμωωωωκωωωεκυωωο
