3304 5098
763 359 961 420 ,4-

273 545 346 618 acta,
370 557 445 618 quae
468 539 560 619 „Too
584 534 622 600 ἐν
645 534 752 620 ἁγίοις
774 535 908 618 Παιρὸς
931 535 1025 618 ἡμῶν
1043 534 1097 598 καὶ
1118 535 1325 618 ὁμολογηιοῦ
1346 533 1452 612 Μαξί-

273 657 347 716 μου,
369 630 445 715 ιιερὶ
468 645 535 697 τῶν
557 631 777 724 ιιραχδέιαων
800 630 838 697 ἐν
861 641 900 718 τῇ
920 634 1033 717 πρώτῃ
1053 633 1157 696 αὐτοῦ
1177 631 1298 718 ἐξορίςι,
1321 635 1395 717 ἤτοι
1415 631 1453 699 ἐν

273 731 389 816 aaron·
408 732 447 794 τὰ
466 729 554 814 παρὰ
573 733 635 795 τοῦ
651 731 835 796 Θεοδοσίου
857 729 1038 795 ἐπισκόπου
1054 733 1255 815 Καισαρείας
1275 733 1451 813 Βιθυνίας,

272 825 328 891 καὶ
352 827 456 892 αὐτοῦ
480 826 718 912 διαλεχθέντα(
747 833 891 910 inscripta
916 831 1043 892 dilucide
1068 831 1241 911 ostendunt,
1270 839 1451 911 quantopere

274 931 436 1008 imperator
464 931 570 990 enixus
599 931 638 989 sit
661 929 819 990 Maximum
849 929 886 990 ad
911 929 1074 990 doctrinam
1098 930 1359 990 monotheleticam
1383 949 1451 990 con-

273 1035 399 1088 vertere.
445 1026 534 1087 Hisce
559 1029 632 1087 actis
657 1027 759 1087 relatio
784 1025 882 1088 addita
907 1035 965 1107 est,
994 1047 1051 1107 qua
1076 1028 1111 1088 de
1136 1027 1274 1107 gravibus
1298 1027 1453 1106 suppliciis

275 1126 384 1203 agitur,
413 1124 521 1203 quibus
545 1124 689 1184 Maximus
714 1127 838 1204 eiusque
863 1125 1002 1204 discipuli
1026 1145 1059 1186 ex
1086 1126 1219 1186 consulto
1249 1125 1354 1204 synodi
1378 1125 1452 1185 Con·

275 1222 553 1301 stantinopolitauae
573 1223 671 1282 affecti
691 1217 798 1306 sunt.¹)
845 1222 977 1293 Quorum
997 1227 1094 1284 exitus
1113 1231 1258 1284 tractatur
1276 1225 1307 1283 in
1328 1222 1453 1302 epistula

274 1321 422 1380 Anastasii
442 1319 622 1399 responsalis
641 1320 678 1379 ad
693 1320 892 1382 Theodosium
909 1321 1116 1400 presbyterum
1137 1322 1340 1400 Gangrensem
1359 1324 1453 1400 scrip-

275 1425 304 1478 ta
329 1425 359 1478 et
382 1417 494 1477 scholio
517 1417 601 1478 brevi
625 1417 704 1496 quod
727 1417 841 1478 litteras
865 1419 953 1478 modo
977 1419 1108 1480 laudatas
1132 1414 1304 1498 sequitur.²)

364 1515 403 1575 Ut
432 1518 491 1576 iam
521 1515 594 1594 dixi,
627 1517 806 1594 mag‘nopere
838 1517 1005 1595 aequalium
1030 1516 1233 1578 desideramus
1257 1535 1348 1596 opera
1378 1535 1453 1596 quae

275 1620 409 1692 tempora
433 1612 619 1673 Constantini
646 1613 805 1674 illustrent.
856 1614 992 1675 Proxime
1022 1616 1058 1676 ad
1086 1615 1166 1676 illam
1191 1622 1317 1676 aetatem
1340 1614 1455 1676 accedit

276 1710 523 1789 Theophanes,
561 1713 613 1789 qui
645 1713 676 1770 in
709 1711 944 1792 chronographia
976 1716 1131 1774 materiam
1164 1715 1296 1773 omnium
1329 1713 1454 1773 aliorum

276 1799 451 1887 graecorum
471 1808 624 1886 librorum,
649 1811 700 1888 qui
724 1809 760 1869 ad
783 1809 814 1869 id
833 1809 912 1888 qnod
931 1813 1046 1888 agimus
1064 1813 1225 1889 pertinent,
1249 1810 1335 1889 longe
1355 1813 1454 1890 copio-

276 1909 424 1967 sissimam
454 1906 580 1968 exhibet.
632 1905 746 1977 Quibus
775 1915 872 1968 umen
902 1926 937 1967 ex
962 1907 1092 1968 lontibus
1117 1917 1220 1970 auctor
1243 1910 1274 1968 in
1299 1927 1332 1968 ea
1356 1900 1455 1987 operis

276 2013 360 2083 parte
385 2024 443 2084 qua
467 2004 502 2064 de
526 2007 652 2084 imperio
678 2004 863 2065 Constantini
887 2007 946 2083 agit
969 2005 1185 2066 conscribenda
1208 2006 1354 2085 hauserit,
1379 2005 1454 2065 dilli-

277 2101 334 2162 cile
364 2101 612 2181 estdiiudicatu,
641 2104 709 2182 quia
738 2102 812 2163 nulli
840 2102 877 2162 ad
904 2122 959 2163 nos
986 2105 1104 2164 venisse
1132 2103 1280 2164 videntur.
1331 2103 1375 2164 Nc
1403 2123 1455 2164 no-

277 2202 392 2260 minum
420 2200 541 2279 quidem
569 2203 749 2278 scriptorum
772 2202 908 2260 notitiam
929 2200 1081 2262 habemus.
1128 2203 1230 2281 ltaque
1254 2205 1280 2262 si
1303 2202 1455 2281 Theopha-

277 2300 325 2357 nis
348 2298 445 2358 lontes
472 2298 612 2377 indagare
637 2298 799 2376 studemus,
823 2297 866 2357 nil
890 2299 1080 2377 proticicmus
1099 2302 1158 2360 nisi
1177 2299 1265 2360 simul
1286 2307 1456 2361 contextum

278 2397 343 2456 eius
367 2398 465 2474 ipsum
490 2398 658 2457 accuratius
681 2395 938 2475 perscrutabimur
962 2405 991 2458 et
1016 2417 1083 2458 cum
1108 2400 1228 2477 scriptis
1250 2416 1353 2458 eorum
1377 2417 1456 2458 com·

277 2493 449 2573 parabimus
477 2495 528 2572 qui
556 2503 657 2573 postea
686 2501 716 2554 ct
743 2495 801 2572 ipsi
826 2493 861 2553 de
889 2493 1081 2556 Constantino
1112 2495 1223 2574 aliquid
1250 2495 1455 2574 prodiderunt.

367 2591 488 2652 Duobus
516 2592 589 2652 locis
618 2591 743 2652 diversis
771 2600 875 2652 auctor
898 2593 991 2653 refert
1014 2611 1089 2672 quae
1114 2601 1246 2672 tempore
1271 2593 1458 2654 Constantini

278 2697 361 2767 gesta
384 2691 451 2749 sint.
493 2692 588 2770 Atque
603 2692 733 2769 primum
753 2689 807 2749 sub
822 2691 854 2748 Α.
869 2689 906 2750 Μ.
922 2687 1007 2751 6121
1030 2684 1090 2773 (ed.
1111 2691 1147 2751 de
1161 2691 1239 2751 Roor
1255 2691 1310 2770 lp.
1325 2685 1456 2776 33lsq.)

278 2789 448 2848 narratione
472 2791 543 2848 satis
568 2796 717 2848 contracta
745 2787 819 2848 illud
842 2796 960 2868 tempus
985 2789 1204 2869 complectitur3
1234 2789 1340 2850 deinde
1364 2790 1457 2850 multo

279 2885 374 2946 lusius
402 2887 629 2964 accuratiusque
657 2886 781 2946 historia
809 2905 898 2964 quam
925 2894 1086 2948 tractamus
1114 2907 1142 2966 p.
1167 2883 1241 2965 341,
1259 2884 1300 2947 12
1312 2883 1457 2966 -352,2

278 2983 424 3063 proditur,
443 3002 501 3063 quo
521 2983 585 3043 loco
600 2982 794 3062 lheophancs
814 3003 863 3044 res
882 3003 957 3064 quae
977 2994 1077 3064 gestae
1098 2993 1168 3046 sunt
1187 3004 1221 3046 ex
1242 2985 1458 3046 consuetudine

280 3100 332 3142 sua
356 3082 481 3160 singulis
505 3083 590 3142 annis
614 3081 725 3142 tribuit.

369 3179 527 3240 Videamus
550 3199 629 3241 nunc
654 3179 690 3240 de
713 3183 883 3240 narratione
907 3183 1082 3259 paginarum
1106 3178 1169 3242 331
1194 3177 1316 3241 01332.
1364 3180 1456 3251 Quam

280 3278 306 3336 si
324 3279 500 3356 inspexeris,
524 3277 614 3338 rebus
634 3278 845 3339 ecclesiasticis
864 3278 1048 3358 aliquantum
1066 3279 1208 3340 momenti
1229 3278 1293 3338 dari
1311 3280 1458 3358 invenies3

281 3376 391 3436 etenim
420 3377 579 3455 praecipue
610 3375 645 3435 de
673 3378 758 3455 papis
786 3376 927 3436 Romanis
958 3387 988 3438 et
1015 3379 1163 3456 episcopis
1192 3375 1458 3455 Constantinopoli-

280 3475 358 3533 tanis
382 3482 412 3533 et
436 3472 471 3533 de
496 3473 673 3534 dillerentiis
697 3473 733 3534 ad
757 3473 862 3552 dogma
886 3475 1088 3552 spectantibus
1113 3477 1217 3553 agitur.
1265 3473 1373 3535 Contra
1391 3490 1459 3552 pro·

280 3573 365 3632 lanae
384 3571 525 3632 historiae
544 3573 604 3631 nisi
622 3573 725 3650 paucis
743 3571 843 3632 verbis
862 3575 974 3633 mentio
993 3591 1053 3633 non
1072 3573 1113 3632 lit
1160 3571 1245 3642 Quod
1264 3591 1332 3632 cum
1351 3573 1391 3631 ita
1412 3573 1459 3648 sit,

280 3671 408 3729 maxima
444 3670 533 3730 huius
571 3670 628 3729 loci
664 3688 733 3747 pars
769 3669 806 3729 ad
838 3670 991 3730 historiam
1025 3672 1126 3729 nescio
1159 3688 1247 3748 quam
1281 3670 1459 3730 ecclesiasti-

282 3785 346 3828 cam
375 3767 474 3828 redire
503 3767 633 3846 videtur,
667 3786 724 3846 qua
756 3769 787 3826 iu
816 3767 1031 3828 conscribenda
1060 3775 1211 3828 auctorem
1240 3775 1360 3846 praeter
1388 3766 1460 3827 alias

281 3863 395 3925 litteras
419 3867 509 3925 etiam
533 3873 597 3925 acta
620 3864 739 3926 concilii
763 3864 970 3926 Lateranensis
994 3867 1160 3944 inspexisse
1191 3867 1337 3926 existimo.
1384 3863 1460 3924 Con-

283 3962 360 4022 leras
385 3981 494 4041 quaeso
518 3963 604 4024 haec:

293 4111 299 4122 .
353 4060 485 4140 Theoph.
508 4080 536 4140 p.
556 4056 772 4140 331‚15sqq.:
942 4061 1014 4122 dcta
1047 4062 1151 4122 concil.
1184 4061 1320 4122 Lateran.
1348 4059 1461 4120 blansi

327 4152 494 4241 (Πύρρος)
522 4155 576 4220 καὶ
605 4157 758 4238 tideliora
787 4155 842 4239 ὀρ·
898 4157 925 4217 Χ
944 4177 972 4238 p.
988 4155 1136 4239 8'l'lsqq.:
1166 4156 1287 4220 ...καὶ
1306 4156 1461 4238 λίβελλοα

163 4308 167 4318 .
282 4249 441 4352 δοδοξιάς
462 4251 668 4328 ἐπιδεδωκὼς
688 4261 733 4340 τῷ
752 4253 844 4339 ποίπᾳ
897 4251 973 4334 μεθ’
1024 4253 1222 4338 ὑπογραφῆς
1268 4254 1355 4328 ι’δίας
1397 4250 1462 4318 ἑπι-

374 4385 399 4452 1)
419 4381 535 4453 Migne
553 4383 571 4437 l.
587 4401 610 4438 c.
625 4402 652 4452 p.
671 4388 788 4452 lbosqq.

373 4466 400 4532 2)
418 4463 489 4517 ibid.
504 4482 531 4532 p.
545 4469 662 4531 lilsqq.
693 4462 770 4528 Quae
780 4463 887 4533 scripta
901 4463 992 4518 latina
1006 4463 1105 4534 lingua
1115 4463 1272 4533 composite
1287 4462 1461 4517 exhibentur.
1578 4457 1581 4463 '
1631 4463 1632 4472 ’
