3304 5098
756 340 977 404 „32-

278 525 403 586 salutem
431 523 499 602 luga
527 524 703 602 petiverunt.
746 523 835 582 Pauci
863 521 1080 600 tantummodo,
1108 523 1187 582 inter
1211 539 1284 600 quos
1308 521 1457 582 Saburrus

278 623 342 702 luit,
366 621 439 682 salvi
461 619 614 699 Neapolim
638 620 814 699 effugerunt.

368 719 579 780 Constantinus
598 727 669 778 tune
689 718 835 778 intellexit
854 735 886 777 se
906 717 1115 796 Langobardos
1134 717 1215 777 nullo
1234 717 1321 778 modo
1341 717 1457 802 subiec-

278 825 379 878 turum
397 834 463 878 esse
478 825 507 877 et
527 835 609 896 spem
629 817 748 894 imperii
762 815 885 876 Romam
905 814 1104 876 transferendi
1120 815 1156 875 ad
1170 817 1288 876 irritum
1304 815 1457 876 cecidisse.

278 914 342 988 Qua
369 934 402 976 re
430 917 461 974 in
485 914 616 974 Siciliam
639 915 852 992 transmigrare
875 913 977 992 ibique
1001 912 1103 974 sedem
1127 912 1272 974 collocare
1297 915 1458 974 constituit.

368 1015 460 1074 Antea
489 1020 588 1074 autern
611 1011 733 1073 Romam
763 1010 901 1090 devertit,
928 1019 962 1071 ut
985 1030 1091 1090 papam
1114 1011 1293 1072 Vitalianum
1316 1013 1458 1072 visitaret.

279 1111 386 1172 Nescio
406 1129 443 1172 an
462 1109 673 1170 Constantinus
693 1108 810 1188 populis
829 1109 1000 1170 christianis
1019 1108 1177 1168 ostendere
1195 1109 1322 1170 voluerit
1340 1127 1458 1169 omnem

279 1208 459 1270 discordiam
492 1216 522 1268 et
553 1209 754 1285 inimicitiam,
788 1225 862 1285 quae
890 1215 975 1268 antea
1003 1209 1083 1268 inter
1111 1206 1212 1266 sedem
1239 1206 1402 1268 Romanam
1430 1216 1459 1267 et

278 1309 439 1386 imperium
457 1305 603 1366 Graccum
622 1306 736 1383 luisset,
760 1305 890 1366 sublatas
910 1313 997 1384 atque
1017 1305 1205 1366 concordiam
1223 1304 1310 1382 plane
1330 1304 1458 1366 redinte-

280 1411 394 1484 gratam
427 1423 501 1464 esse.
552 1403 714 1464 Vitalianus
747 1405 818 1464 satis
851 1402 1026 1482 prudentiae
1059 1402 1175 1481 habuit,
1207 1410 1241 1462 ut
1272 1402 1459 1481 intellegeret

278 1502 338 1564 sibi
366 1521 430 1562 rem
459 1501 657 1563 adversariam
686 1502 783 1562 fronte
812 1509 842 1560 et
869 1501 951 1561 vultu
979 1500 1056 1561 belle
1084 1499 1236 1561 ferendam
1260 1518 1335 1561 esse.
1382 1499 1459 1570 Quid

280 1601 465 1661 contumacia
497 1599 714 1678 obstinatioque
749 1600 943 1678 proficerent,
977 1597 1111 1677 exempla
1138 1598 1256 1661 Martini
1284 1606 1314 1658 et
1340 1597 1459 1658 Maximi

280 1697 501 1776 multorumque
530 1696 655 1758 aliorum
685 1696 884 1757 ostenderant.
931 1695 1092 1757 Vitalianus
1121 1697 1294 1774 imperatori
1322 1715 1354 1756 se
1379 1695 1459 1756 subi·

280 1797 364 1856 ciens
387 1813 512 1874 prorsus
535 1795 624 1854 huius
648 1794 736 1856 fidem
760 1794 1018 1854 monotheleticam
1041 1793 1183 1872 probavit.

370 1892 412 1953 Re
438 1891 536 1970 rebuS,
561 1911 636 1972 quae
655 1892 764 1952 Romae
788 1901 868 1969 tunc,
893 1911 960 1952 cum
980 1891 1193 1952 Constantinus
1212 1891 1337 1970 adesset,
1361 1899 1459 1971 gestae

284 1998 363 2069 sunt,
387 1998 491 2050 auctor
513 1993 588 2050 vitae
613 1990 749 2050 Vitaliani
772 2009 826 2050 nos
852 1983 977 2073 docet.1)
1014 1989 1179 2068 Imperator
1197 1988 1320 2068 Neapoli
1338 1988 1460 2050 Romam

283 2088 436 2167 profectus
473 2088 566 2167 Appia
603 2090 650 2148 via
685 2091 844 2148 intravisse
881 2087 1006 2148 videtur.
1065 2087 1143 2165 Papa
1180 2094 1210 2148 et
1246 2095 1325 2148 totus
1363 2087 1461 2148 clerus

283 2186 475 2246 Constantino
490 2203 585 2264 usque
601 2184 637 2245 ad
652 2194 768 2246 sextum
783 2185 954 2246 milliarium
969 2185 1084 2246 obviam
1100 2187 1225 2264 iverunt,
1242 2185 1294 2246 ubi
1310 2185 1462 2246 dominum

282 2283 466 2361 augustalem
491 2283 663 2344 solemniter
687 2291 892 2362 susceperunt
939 2281 995 2343 Ubi
1019 2285 1182 2362 imperator
1199 2283 1322 2344 Romam
1341 2285 1463 2344 intravit

283 2373 319 2463 (5
344 2381 391 2441 die
415 2380 482 2440 lulii
505 2383 617 2441 mensis
641 2383 710 2441 anni
734 2377 812 2459 663,
837 2383 888 2460 qui
911 2380 1051 2440 Mercurii
1077 2380 1140 2440 dies
1164 2375 1234 2465 luit)
1259 2381 1295 2441 ad
1318 2381 1462 2460 templum

284 2479 312 2539 S.
331 2478 413 2539 Petri
437 2497 468 2539 se
493 2479 626 2557 contulit,
649 2486 683 2538 ut
705 2478 845 2556 precibus
870 2479 955 2538 lactis
980 2479 1089 2539 donum
1114 2478 1142 2539 S.
1166 2478 1304 2557 apostolo
1333 2479 1462 2539 offerret.

283 2577 317 2636 ln
354 2576 461 2655 palatio
497 2584 632 2636 veterum
665 2576 836 2654 Caesarum,
875 2579 960 2636 cuius
992 2583 1092 2655 partes
1126 2579 1215 2636 etiam
1247 2585 1319 2636 tunc
1350 2577 1462 2638 habita-

283 2674 358 2736 biles
387 2675 479 2734 luisse
509 2673 661 2750 dicuntur,
691 2673 873 2734 domicilium
901 2673 1019 2734 videtur
1046 2669 1272 2759 eollocavisse.²)
1321 2659 1471 2754 Sequenti⁴

285 2773 332 2832 die
366 2780 396 2833 et
429 2772 475 2832 die
509 2771 629 2859 Saturni
657 2771 685 2833 S.
709 2771 832 2832 Paulum
866 2779 895 2832 et
918 2772 946 2832 S.
966 2771 1088 2832 Mariam
1117 2771 1199 2850 adiit,
1233 2771 1340 2850 quibus
1369 2771 1463 2834 eccle·

285 2872 338 2930 siis
377 2869 451 2930 dona
489 2873 622 2931 sacravit.
677 2870 830 2931 [lominica
864 2870 911 2931 die
945 2889 1013 2931 cum
1045 2869 1190 2930 militibus
1223 2873 1299 2948 suis,
1337 2889 1462 2949 quorum

284 2969 410 3047 quisque
449 2986 570 3028 cereum
608 2967 687 3046 tulit,
725 2967 899 3029 solemniter
937 2967 973 3028 ad
1006 2968 1035 3028 S.
1059 2968 1180 3029 Petrum
1212 2971 1373 3048 processit,
1406 2987 1463 3047 quo

284 3068 315 3125 in
344 3065 454 3144 templo
483 3085 573 3145 super
601 3066 692 3126 altare
720 3065 842 3144 pallium
870 3084 942 3126 auro
970 3068 1116 3126 intextum
1144 3069 1251 3145 posuit.
1298 3065 1369 3126 Post
1391 3066 1465 3127 baec

284 3165 376 3224 missa
400 3163 547 3224 celebrata
571 3173 624 3224 est.
663 3163 783 3224 Saturni
808 3162 854 3224 die
879 3166 1015 3242 sequenti
1038 3166 1199 3244 imperator
1221 3165 1349 3242 hospitio
1372 3182 1464 3244 papae

285 3279 358 3322 usus
386 3263 418 3320 in
441 3261 620 3324 Lateranum
649 3281 681 3322 se
710 3261 848 3342 eontulit3
880 3269 1037 3341 postquam
1060 3262 1143 3341 lavit,
1167 3265 1198 3322 in
1221 3261 1343 3322 basilica
1367 3261 1465 3340 Vigilii

287 3358 445 3437 prandium
478 3362 613 3439 sumpsit.
664 3359 805 3420 Videmus
838 3361 930 3438 igitur
961 3368 1033 3421 tunc
1066 3360 1191 3422 clericos
1223 3360 1380 3439 Romanos,
1413 3362 1464 3438 qui

286 3456 355 3517 olim
388 3465 490 3536 typum
528 3466 557 3518 et
589 3457 679 3518 fidem
716 3459 906 3536 immratoris
944 3457 1081 3518 detestati
1113 3457 1299 3518 Constantini
1332 3457 1465 3518 consiliis

285 3557 412 3615 maxima
442 3574 510 3616 eum
538 3558 704 3635 pervicacia
732 3555 874 3617 obluctati
902 3565 1015 3635 essent,
1048 3574 1144 3635 neque
1174 3555 1249 3616 dona
1277 3557 1465 3634 imperatoris

287 3651 489 3732 repudiavisse
512 3671 610 3732 neque
635 3671 803 3733 recusasse,
831 3655 903 3733 quin
932 3673 999 3714 cum
1024 3673 1058 3714 eo
1081 3656 1146 3732 ipso
1171 3672 1259 3732 quem
1282 3653 1465 3714 haereticum

288 3750 433 3811 dixissent
452 3749 488 3810 ad
507 3769 641 3811 mensam
662 3751 774 3812 domini
793 3751 977 3812 accederent.
1014 3751 1144 3812 Victoria
1162 3754 1352 3830 imperatoris
1371 3753 1465 3811 maior

288 3867 354 3909 esse
378 3867 437 3909 non
461 3851 565 3927 potuit.

377 3946 555 4025 Priusquam
565 3946 777 4008 Constantinus
790 3947 882 4009 Roma
897 3949 1049 4027 proiectus
1064 3956 1118 4026 est,
1131 3947 1246 4026 tegulas
1261 3967 1374 4026 aureas,
1389 3967 1465 4028 quae

288 4043 431 4124 templum
455 4044 564 4106 Mariae
590 4048 782 4125 omniumque
806 4045 970 4126 Martyrum
990 4039 1155 4129 (Pantheon
1179 4040 1353 4130 pristinum)
1370 4064 1464 4111 orna·

288 4149 408 4220 verunt,
436 4141 501 4202 tolli
524 4144 624 4222 iussit,
653 4162 726 4222 quas
751 4161 853 4204 secum
878 4143 1007 4205 duceret.
1045 4142 1129 4205 Haud
1153 4145 1214 4204 seio
1239 4161 1276 4204 an
1300 4163 1415 4204 summa
1433 4146 1465 4202 in

380 4368 405 4436 1)
424 4364 485 4422 Lib.
504 4367 606 4437 pontif.
625 4369 638 4421 I
655 4387 683 4438 p.
700 4373 855 4436 186‚9sqq.

379 4449 405 4516 2)
426 4445 465 4500 Cf.
487 4446 716 4519 Gregorovius
735 4448 753 4502 l.
775 4465 797 4502 c.
816 4448 842 4502 Π
860 4467 888 4518 p.
904 4453 963 4503 152.
