3304 5098
665 341 885 405 -19-

185 523 250 584 dari
278 526 364 584 iussit
373 518 413 607 ¹),
442 543 500 603 quo
528 524 644 584 facilius
672 524 782 585 milites
810 526 840 583 in
869 542 938 584 suas
966 531 1066 602 partes
1094 524 1226 584 traheret
1254 542 1364 602 eosque

185 630 289 682 contra
317 622 472 682 Martinam
500 622 753 700 Heraclonamque
782 623 938 700 excitaret,
967 629 997 682 et
1024 624 1052 682 ei
1080 621 1188 682 litteris
1216 624 1362 683 instructo

183 721 331 780 infinitam
355 720 461 798 agendi
485 720 634 780 licentiam
659 714 805 802 tribuit..²)
852 719 890 779 Ut
918 719 1029 780 Sebeos
1058 721 1162 799 refert,
1190 719 1363 781 Valentinus

184 820 278 897 copiis
302 817 434 879 collectis
458 817 494 878 ad
518 817 677 878 orientales
700 825 800 896 partes
824 819 943 897 imperii
965 818 1117 896 profectus
1141 825 1194 879 est.

272 915 326 976 Die
349 913 599 976 staconensis
618 917 689 975 anni
708 912 771 976 641
793 914 1004 976 Constantinus
1023 911 1138 1000 obiitl),
1163 935 1231 977 cum
1250 915 1363 996 classis,

184 1033 273 1093 quam
304 1013 466 1074 ornandam
497 1022 665 1090 curaverat,
694 1021 796 1092 parata
824 1021 905 1074 esset
932 1032 967 1074 er
994 1022 1083 1093 portu
1111 1017 1201 1074 exire.
1248 1013 1363 1094 Corpus

183 1114 372 1191 imperatoris
396 1111 528 1172 defuncti
551 1113 582 1170 in
606 1111 697 1171 heroo
715 1111 922 1190 Apostolorum
947 1120 1117 1172 sanctorum
1141 1111 1293 1173 conditum
1316 1120 1364 1173 est

185 1203 324 1292 (Cedren.
348 1209 360 1269 l
388 1229 416 1288 p.
438 1205 510 1288 753,
534 1204 598 1293 13).
652 1209 693 1269 lle
724 1211 839 1270 ratione
870 1228 928 1288 qua
958 1210 1170 1271 Constantinus
1200 1210 1226 1270 ll
1257 1227 1273 1270 a
1302 1212 1362 1270 vita

184 1307 357 1368 discesserit
375 1309 431 1367 viri
451 1307 530 1367 docti
550 1310 621 1368 satis
637 1307 854 1368 dubitaverunt.
888 1305 998 1368 Omnes
1018 1309 1080 1368 fere
1101 1307 1206 1368 Graeci
1225 1315 1362 1368 auctores

183 1408 394 1486 imperatorem
418 1425 433 1465 a
457 1405 582 1466 Martina
606 1413 636 1466 et
658 1405 751 1484 Pyrro
773 1423 887 1465 veneno
912 1423 978 1466 esse
1001 1414 1139 1466 necatum
1163 1407 1362 1467 consentiunt

184 1503 236 1564 Sin
269 1521 340 1564 vero
364 1503 587 1563 consideramus
619 1503 709 1564 verba
741 1502 902 1582 Nicephori
939 1496 982 1587 (p.
1002 1499 1074 1588 28)
1111 1503 1222 1588 „adcor
1245 1503 1363 1586 χρονίᾳ

184 1599 377 1682 σννείχετο“
396 1647 515 1662 ......
539 1599 644 1680 ,ἰδὼν
679 1597 861 1681 Φιλάγριος
893 1597 1071 1684 ἀρρώστως
1103 1599 1206 1662 αὐτὸν
1239 1599 1363 1662 διανεί·

183 1719 297 1780 μενον,
311 1695 365 1760 καὶ
381 1694 514 1771 ἐλπίσας
529 1696 644 1780 τάχιον
659 1694 841 1778 ἀποβιῶσαι
857 1747 863 1758 .
879 1745 885 1758 .
901 1696 931 1759 .“
950 1707 980 1759 ct
994 1699 1122 1760 Cedreni
1137 1691 1164 1782 (l
1178 1719 1206 1778 p.
1223 1695 1296 1778 753,
1310 1694 1361 1783 4):

182 1791 243 1877 ,ἦν
263 1790 299 1858 dl
314 1793 460 1876 ἀσθενὴς
475 1794 511 1858 τὸ
527 1805 630 1876 σῶμα,
650 1791 721 1857 καθ’
747 1791 886 1876 ἑκάστην
901 1794 945 1869 ὡς
959 1796 1064 1858 εἰπεῖν
1079 1795 1361 1878 coaptandum&

184 1905 213 1956 et
231 1896 350 1956 loannis
369 1894 457 1955 Niciu
477 1888 519 1977 (p.
540 1889 634 1978 565)
656 1897 850 1974 „sanguinem
870 1897 983 1956 vomuit
1001 1903 1031 1956 et
1048 1904 1184 1956 mortuus
1201 1901 1258 1974 est,
1281 1903 1361 1974 post-

183 2013 272 2073 quam
296 2011 414 2054 omnem
439 1995 613 2071 sanguinem
637 1990 795 2072 profudit‘,
824 2011 967 2072 apparere
995 1994 1069 2054 mihi
1092 1993 1210 2054 videtur
1233 1995 1360 2072 impera·

183 2100 277 2152 torem
306 2093 388 2170 gravi
417 2091 519 2151 morbo
547 2091 696 2170 pulmonis
727 2091 894 2150 confectum
917 2091 1045 2152 naturali
1068 2091 1155 2152 modo
1179 2110 1196 2152 e
1219 2093 1277 2151 vita
1303 2091 1361 2152 dis·

183 2192 319 2251 cessisse.
361 2189 459 2267 Fama,
479 2209 536 2268 qua
555 2189 679 2249 Martina
700 2199 730 2249 et
747 2189 859 2267 Pyrrus
880 2207 948 2248 eum
967 2190 1153 2250 interfecisse
1172 2189 1362 2270 putabantur,

182 2288 265 2348 brevi
288 2295 356 2367 post
380 2295 506 2346 mortem
530 2307 546 2346 a
566 2287 752 2347 Constantini
770 2287 914 2366 partibus,
932 2295 966 2347 ut
985 2290 1064 2348 cives
1083 2296 1186 2348 contra
1205 2287 1359 2348 Martinam

183 2388 397 2464 excitarentur,
425 2385 593 2464 pervolgata
622 2403 688 2445 esse
711 2384 837 2464 videtur,
866 2385 944 2463 quod
969 2404 1003 2446 eo
1027 2385 1143 2446 facilius
1167 2387 1234 2446 lieri
1257 2388 1361 2466 potuit,

183 2503 251 2545 cum
266 2483 422 2544 Martinam
442 2483 602 2562 cupiditate
626 2485 745 2561 imperii
765 2483 929 2562 occupandi
950 2483 1075 2562 flagrare
1095 2502 1182 2544 nemo
1201 2486 1360 2563 ignoraret.

183 2581 283 2660 ltaque
302 2579 434 2659 intellegi
453 2587 550 2658 potest
569 2582 657 2641 etiam
677 2580 801 2659 Sebeon,
826 2583 1001 2660 scriptorem
1022 2601 1162 2642 coaevum
1181 2583 1287 2642 famam
1306 2601 1360 2661 pro

184 2698 253 2740 vero
277 2678 435 2739 rettulisse.

272 2776 425 2837 Heraclius
450 2779 500 2855 qui
524 2783 700 2837 testamento
725 2780 928 2858 constituerat,
951 2787 985 2838 ut
1007 2778 1061 2837 filii
1085 2786 1185 2838 essent
1209 2776 1360 2859 ἰσότιμοι,

183 2875 375 2935 Constantino
399 2883 515 2934 mortuo
535 2874 729 2935 Heraclonam
754 2875 915 2936 succedere
934 2876 1076 2936 voluerat.
1122 2875 1180 2946 Qui
1198 2878 1360 2956 imperator

183 2973 303 3052 quidem
326 2967 616 3056 pronuntiabatur4),
641 2973 692 3032 sed
717 2992 810 3051 aeque
835 2981 922 3052 atque
946 2975 1038 3034 frater
1061 2982 1196 3034 mortuus
1220 2977 1360 3035 nonnisi

182 3073 301 3131 nomine
324 3073 487 3149 imperator
510 3064 607 3152 fuitl)
652 3069 782 3130 Revera
802 3071 927 3130 Martina
950 3079 1046 3131 mater
1069 3089 1136 3131 cum
1155 3071 1247 3150 Pyrro
1269 3074 1360 3150 patri·

183 3170 270 3228 archa
307 3187 452 3228 summam
487 3170 605 3246 imperii
640 3171 748 3250 tenuit3
785 3187 882 3248 neque
921 3168 1035 3247 dubito,
1073 3170 1145 3247 quin
1180 3168 1231 3229 illa
1267 3169 1359 3247 pluri·

183 3285 298 3328 marum
327 3285 441 3344 rerum,
470 3285 543 3344 quas
572 3269 734 3345 scriptores
758 3267 794 3327 ab
817 3266 981 3327 Heraclona
1009 3275 1107 3345 gestas
1136 3285 1202 3327 esse
1229 3267 1359 3347 tradunt,

183 3367 296 3425 auctrix
321 3359 453 3448 fuerit.⁶)

273 3573 298 3642 1)
317 3571 435 3642 Niceph.
459 3590 487 3641 p.
512 3577 555 3640 28,
571 3578 688 3642 30sqq.:
713 3573 843 3634 δεδωκὼς
866 3573 942 3646 αὐτῷ
964 3571 1091 3644 χρήματα
1116 3575 1300 3627 συντελοῦντα
1319 3572 1360 3634 εἰς

181 3650 323 3722 ποσότητα
345 3653 471 3722 &paupert
490 3651 636 3721 μυριάδων
657 3651 763 3724 [πέντε]
788 3650 942 3707 διακοσίων
964 3653 1013 3708 καὶ
1035 3653 1074 3708 ἔτι
1093 3653 1178 3721 μορια
1198 3653 1246 3705 καὶ
1266 3647 1358 3716 ἑξακι-

182 3729 273 3802 σχίλια
293 3731 457 3802 νομίσματα.

272 3815 297 3882 2)
317 3811 435 3882 Niceph.
454 3831 481 3882 p.
503 3818 545 3880 28,
562 3819 609 3868 29:
637 3857 641 3866 .
663 3855 669 3867 .
690 3857 695 3868 .
715 3813 767 3882 τὴν
789 3814 890 3882 λοιπὴν
911 3822 960 3868 τοῦ
979 3812 1143 3883 πράγματος
1161 3809 1295 3881 ἐργασίαν
1314 3813 1358 3883 ἑγ-

181 3890 305 3964 χειρίσας
325 3935 330 3946 .
352 3935 357 3945 .
380 3936 385 3946 .

165 4005 170 4020 ·
270 3975 297 4041 3)
316 3972 503 4043 Theophanes
527 3976 564 4043 (p.
588 3979 649 4042 341,
666 3978 709 4042 14)
733 3974 829 4043 prodit
852 3973 1068 4028 Constantinum
1091 3976 1226 4041 quattuor
1248 3989 1359 4027 menses

181 4053 377 4122 imperavisse3
397 4052 536 4124 Georgius
555 4053 711 4108 Monachus
731 4054 784 4123 (ed.
805 4054 840 4108 de
854 4054 928 4108 Boor
948 4057 1017 4108 1904
1035 4053 1102 4123 Hp.
1117 4059 1178 4119 673,
1194 4057 1239 4124 21)
1258 4055 1288 4107 at
1301 4053 1358 4108 Leo

181 4131 388 4188 Grammaticus
403 4135 457 4203 (ed.
472 4134 560 4188 Bonn.
575 4152 603 4203 p.
620 4139 679 4200 tat,
692 4137 735 4205 18)
750 4133 914 4188 summatim
928 4151 1015 4188 unum
1029 4152 1142 4203 annum,
1160 4133 1281 4188 Ioannes
1294 4133 1357 4188 Mic.

181 4215 294 4267 centum
313 4213 373 4268 dies
393 4214 422 4284 (l.
443 4231 465 4268 ο.
485 4233 512 4284 p.
533 4217 605 4281 566),
624 4213 800 4284 Nicephorus
819 4214 847 4284 (l.
868 4231 890 4268 c.
910 4232 937 4283 p.
959 4220 1001 4282 29,
1021 4217 1048 4284 6)
1067 4214 1226 4268 accuratius
1246 4217 1358 4269 centum

180 4295 209 4348 at
226 4295 284 4347 tres
303 4293 363 4349 dias
382 4295 515 4349 referunt.

270 4377 297 4442 4)
315 4373 434 4444 Niceph.
454 4393 481 4444 p.
502 4380 544 4442 29,
560 4381 584 4430 8.
694 4379 720 4446 b)
739 4375 834 4430 Ioann.
855 4375 915 4430 Nic.
935 4393 963 4444 p.
983 4380 1043 4430 5⁵12.

270 4455 297 4515 tl
315 4452 355 4508 Cf.
375 4453 444 4510 ibid.

1090 4546 1126 4598 2*
