3304 5098
750 268 969 332 -34-

273 449 421 510 Theodori
444 449 577 510 Armenii
601 452 767 510 accuratius
791 450 868 510 inira
893 450 1051 510 disseram:
1075 468 1154 510 nunc
1172 452 1303 528 primum
1324 450 1359 510 de
1380 450 1455 511 Gre-

274 549 350 626 gorii
373 547 534 608 rebellione
557 548 631 607 mibi
655 547 800 626 agendum
824 549 889 607 erit.

364 644 437 705 Cum
458 643 563 704 Graeci
586 645 656 705 fidei
679 645 924 706 monotheleticae
948 644 1058 706 addicti
1082 653 1191 725 essent,
1214 647 1312 707 Alrica
1333 648 1455 725 provin·

276 744 322 803 cia
351 742 606 822 propugnaculum
638 742 800 804 ditbeletici
833 743 977 821 dogmatis
1009 743 1068 803 dici
1097 746 1207 823 potuit,
1238 751 1268 805 et
1291 745 1456 822 Gregorius

273 843 426 920 3343434333,
450 843 501 920 qui
525 840 695 919 Carthagini
719 840 820 901 sedem
843 840 978 919 babebat,
1002 841 1119 902 clericis
1142 842 1232 902 huius
1256 841 1326 902 lidei
1345 835 1455 926 lavit.¹)

275 939 387 999 Seditio
415 939 621 1000 Africanorum
650 938 981 1018 Constantinopolitauis
1013 939 1093 999 baud
1124 941 1166 999 ita
1197 941 1348 1019 inopinato
1377 941 1454 1000 lacta

275 1054 342 1098 esse
370 1035 501 1118 videtur,
534 1037 643 1096 etenim
673 1039 732 1096 iam
763 1035 913 1116 aliquanto
944 1044 1011 1097 ante
1040 1036 1295 1116 Constantinopoli
1323 1040 1455 1126 suspicio

275 1134 331 1196 luit
353 1134 506 1195 Africanos
530 1134 597 1194 ab'
590 1136 715 1213 imperio
740 1133 882 1194 Constt
818 1141 868 1193 tau
870 1135 925 1194 tini
950 1133 1118 1195 delecturos
1142 1153 1221 1213 3333,
1244 1143 1278 1196 34
1301 1154 1337 1196 ex
1361 1137 1455 1214 scrip·

274 1234 314 1292 tis
343 1232 521 1311 synodorum
550 1232 768 1309 Africanarum,
800 1251 874 1311 quae
906 1251 982 1292 anno
1010 1227 1108 1316 646²)
1138 1252 1214 1293 cono
1195 1240 1332 1312 negatae
1361 1241 1457 1312 erant,

275 1337 306 1390 et
328 1348 365 1390 ex
388 1330 515 1408 epistula
538 1331 664 1390 Victoris
688 1331 904 1408 archiepiscopi
928 1309 1180 1409 Carthaginiensis
1206 1331 1242 1390 ad
1266 1331 1454 1392 Theodorum

276 1446 382 1507 papam
412 1421 474 1509 (die
500 1425 541 1488 16
560 1428 679 1489 434443.
700 1423 779 1512 646)
806 1427 871 1488 data
895 1422 1029 1511 elucet)
1075 1429 1206 1489 Africani
1234 1429 1354 1508 quidem
1378 1430 1456 1488 banc

276 1527 475 1605 suspicionem
501 1525 603 1586 lalsam
623 1545 689 1586 esse
709 1520 968 1609 contendenmt4),
993 1534 1122 1586 attamen
1140 1529 1199 1586 iam
1221 1546 1298 1586 anno
1318 1528 1456 1606 sequenti

277 1616 372 1707 (644)
403 1622 564 1701 Gregorius
593 1632 695 1684 contra
723 1626 933 1702 imperatorem
961 1624 1115 1685 rebellavit
1143 1633 1172 1685 et
1199 1627 1263 1704 ipse
1289 1643 1456 1703 purpuram

277 1715 440 1804 sumpsit.⁶)
486 1721 540 1781 lbn
560 1720 801 1782 Abd-El-llakam
825 1730 927 1781 narrat
946 1721 1121 1800 Gregorium
1144 1741 1290 1802 nummos,
1315 1724 1366 1801 qui
1390 1724 1457 1782 cius

277 1819 407 1898 effigiem
437 1819 657 1900 praebuissent,
686 1813 881 1902 3333643336)
933 1819 991 1880 Sed
1019 1828 1069 1899 pat
1070 1822 1162 1880 ricius
1190 1840 1250 1880 uon
1278 1823 1337 1881 nisi
1364 1820 1456 1880 breve

278 1925 395 1996 tempus
419 1917 512 1978 libera
536 1937 589 1978 sua
611 1925 756 1998 potestate
775 1937 795 1977 u
797 1919 820 1977 ti
838 1919 943 1996 potuit,
967 1920 1036 1996 quia
1054 1919 1113 1978 iam
1132 1921 1270 2030 sequenti
1289 1937 1365 1978 anno
1389 1921 1457 1978 eius

276 2018 436 2096 imperium
460 2036 476 2076 a
500 2016 656 2076 Saracenis
680 2034 817 2076 eversum
841 2009 923 2098 334)

365 2113 435 2174 Post
423 2117 524 2193 tquam
566 2115 692 2175 Ambrus
733 2115 847 2192 Aegppt
847 2132 897 2172 um
939 2116 1138 2192 recuperavit,
1160 2114 1307 2188 ¹Otbman
1349 2113 1456 2174 cbalila

278 2207 441 2272 ε6434344333
472 2212 565 2272 lilium
590 2211 661 2290 Sad,
689 2212 871 2290 praelectum
900 2211 989 2271 buius
1012 2214 1196 2290 provinciae,
1220 2214 1352 2272 restituit
1375 2220 1405 2272 et
1427 2214 1458 2272 ei

276 2312 391 2389 petenti
414 2312 570 2389 concessit,
594 2317 628 2370 ut
650 2312 681 2368 in
705 2309 843 2386 Africam,
866 2311 1049 2387 provinciam
1074 2309 1229 2388 Graecam,
1253 2312 1456 2370 incursionem

279 2409 398 2469 laceret.
437 2408 547 2468 Cbalila
567 2411 631 2487 4333
651 2410 750 2487 333433
769 2409 891 2486 paravit,
912 2427 985 2486 quas
1003 2405 1125 2468 Octobri
1143 2427 1247 2468 mense
1267 2410 1337 2468 anui
1356 2405 1419 2468 647
1427 2402 1456 2491 ⁸)

278 2508 310 2566 iu
329 2507 493 2584 Aegyptum
516 2509 606 2584 misit,
629 2506 683 2566 ubi
706 2525 773 2565 cum
798 2507 891 2584 copiis
914 2507 1065 2584 Aegyptiis
1089 2505 1353 2584 coniungebantur.
1391 2506 1457 2566 Pri-

278 2624 361 2665 mum
392 2601 525 2665 ‘Abdalla
553 2603 697 2682 Tripolim
726 2622 884 2682 aggressus
913 2625 979 2666 esse
1009 2605 1125 2665 dicitur.
1177 2604 1231 2664 Cui
1259 2606 1303 2664 334
1332 2607 1359 2665 34
1381 2604 1458 2665 fides

279 2702 417 2781 debetur,
442 2702 541 2780 colligi
564 2709 662 2780 potest
685 2699 813 2762 Graecos
837 2702 952 2781 urbem,
976 2722 1064 2782 quam
1087 2702 1215 2762 Ambrus
1239 2704 1376 2780 cepisset,
1400 2703 1458 2763 sub

279 2820 363 2861 suam
386 2809 563 2880 potestatem
587 2800 748 2878 redegisse.
796 2799 928 2862 ‘Abdalla
948 2809 1054 2880 autem,
1078 2809 1112 2861 ut
1134 2809 1282 2880 narratur,
1306 2800 1458 2880 oppidum,

278 2899 357 2977 quod
384 2898 533 2978 praesidio
558 2898 669 2958 Graeco
698 2897 923 2978 defendebatur,
954 2902 1122 2978 opprimere
1146 2918 1205 2959 non
1228 2901 1332 2978 potuit.
1385 2897 1457 2959 Gre-

369 3097 394 3164 1)
413 3095 455 3150 De
473 3097 556 3151 rebus
576 3094 774 3148 ecclesiasticis
793 3097 870 3150 illius
890 3099 992 3151 3343443
1013 3098 1075 3151 vide
1094 3097 1175 3150 infra.

369 3178 395 3245 2)
415 3174 455 3230 (tf.
475 3175 585 3229 Mansi
603 3175 629 3228 X
647 3194 673 3244 p.
695 3180 758 3242 9183
783 3176 1010 3246 Theopbylactus
1029 3177 1205 3246 primicerius
1225 3193 1318 3230 coram
1338 3177 1459 3230 concilio

278 3255 461 3310 Laterauensi
485 3255 556 3310 dicit
578 3255 643 3309 44433
668 3257 788 3324 synodos
808 3257 1004 3312 Africanorum
1029 3257 1223 3327 episcoporum
1248 3260 1350 3325 quarta
1368 3257 1457 3310 indic-

278 3335 356 3390 tione
376 3337 403 3404 (i.
424 3353 446 3390 e.
467 3337 499 3390 A.
510 3337 543 3389 D.
560 3339 622 3405 646)
641 3352 701 3390 3333
721 3340 896 3390 convocatas.

369 3418 396 3484 3)
415 3415 494 3470 Η333
518 3415 624 3485 3334343
648 3416 722 3470 43433
742 3421 806 3470 3343
825 3417 938 3470 33334444
957 3417 1154 3472 lateranensis
1174 3418 1251 3486 (anni
1270 3423 1332 3487 649)
1352 3418 1389 3471 ad
1406 3435 1460 3472 333
1509 3461 1514 3472 .

279 3499 422 3551 venerunt.
461 3495 500 3550 cf.
520 3497 631 3550 Mansi
649 3497 674 3549 X
692 3515 719 3566 p.
741 3503 800 3550 922.
821 3502 880 3550 950.

369 3579 396 3646 4)
414 3575 486 3629 ibid.
596 3581 622 3644 3)
641 3576 765 3645 Theoph.
786 3595 813 3646 p.
834 3583 951 3645 343,15;
976 3578 1028 3632 sub
1047 3579 1080 3631 A.
1091 3579 1127 3632 M.
1144 3585 1213 3632 6138
1228 3605 1262 3623 =
1277 3580 1308 3633 A.
1320 3577 1353 3632 D.
1369 3577 1458 3650 3433.

370 3661 396 3728 6)
417 3657 535 3712 843334
559 3657 649 3710 versio
677 3657 894 3728 francogallica,
923 3674 996 3726 quae
1020 3658 1120 3711 addita
1143 3661 1186 3712 334
1210 3657 1368 3725 „Historiae
1391 3657 1459 3711 Ber-

279 3739 428 3793 berorum“
448 3736 484 3790 ab
503 3735 555 3789 lbn
574 3736 707 3790 Κ43343433
727 3738 899 3808 compositae
917 3740 930 3791 Ι
947 3757 974 3807 p.
995 3743 1056 3791 204.

370 3820 396 3887 t)
416 3817 456 3872 Cf.
476 3817 600 3886 Theoph.
620 3836 648 3886 p.
668 3824 839 3887 343,24sqq.
878 3819 946 3872 Eius
970 3835 1043 3872 anno
1069 3819 1168 3872 mundi
1188 3824 1255 3871 6139
1277 3818 1407 3872 convenit
1426 3821 1459 3872 A.

279 3898 314 3952 H.
335 3905 367 3952 27
393 3903 428 3965 (7.
449 3896 509 3951 034,
530 3903 661 3951 cst-25.
683 3898 758 3968 Sept.
780 3903 841 3970 646)
862 3917 944 3967 quom
968 3898 1083 3952 Arabici
1108 3901 1237 3953 auctores
1261 3899 1393 3964 tradunt3
1423 3898 1459 3952 34.

279 3979 368 4034 Weil
391 3979 410 4033 4.
435 3996 457 4033 c.
481 3978 579 4043 11613
606 3978 842 4048 Wellhauseu,
867 3979 937 4047 „Dic
960 3978 1081 4047 Kiimpfe
1106 3979 1131 4033 d.
1157 3979 1265 4033 Araber
1286 3978 1339 4030 mit
1358 3978 1384 4030 d.
1404 3977 1459 4031 Ro-

279 4064 377 4114 3344333
395 4060 426 4112 43
441 4059 467 4114 d.
479 4059 506 4112 Z.
518 4059 543 4114 d.
555 4058 744 4128 Umaijiden“,
763 4059 962 4114 Nacbrichten.
983 4060 1009 4114 d.
1029 4059 1062 4112 K.
1079 4057 1230 4113 Gesellsob.
1247 4059 1272 4111 d.
1288 4058 1460 4112 Wissensch.

281 4158 315 4193 33
335 4139 501 4208 Gottingem
520 4139 618 4209 philol.
638 4139 702 4193 hist.
683 4139 823 4194 tKlasse
843 4145 953 4210 1901p.
969 4145 1034 4204 4263
1053 4138 1183 4205 Ranke,
1202 4139 1374 4208 Weltgescb.
1394 4137 1428 4206 V,
1444 4145 1456 4190 1

280 4239 308 4290 p
329 4225 380 4274 180
400 4221 464 4274 edu.
485 4227 510 4274 6.

372 4301 472 4371 8)-443
473 4300 609 4367 Noweiri,
638 4301 717 4354 cuius
741 4302 831 4370 operis
858 4301 1013 4354 versionem
1036 4299 1300 4370 francogallicam
1292 4319 1322 4352 1n
1342 4299 1463 4354 Slanei

279 4365 353 4437 libro
372 4381 517 4435 laudato
509 4399 634 4436 invenies
652 4401 679 4451 p
700 4387 759 4436 316.
