3304 5098
770 367 968 430 -6-

325 565 354 626 p.
373 543 592 626 330‚31sqq.:
615 551 676 608 τοῦ
696 540 843 627 δὲἩρα-
943 568 971 627 p.
991 545 1066 628 341,
1089 545 1202 628 12sqq.
1232 551 1460 631 ....τελευτᾷ

281 643 395 706 κλείου
413 644 681 724 τελευτήσαντος,
703 639 758 706 καὶ
782 651 843 707 τοῦ
894 641 1089 725 Ἡράκλειος
1108 643 1126 708 ὁ
1141 646 1298 725 βασιλεὺς
1313 645 1460 726 ...βασι-

280 739 360 804 υίοῦ
383 737 487 805 αὐτοῦ
506 741 766 804 Κωνσταντίνου
784 742 838 822 βα·
898 741 988 804 λεύει
1011 736 1048 804 δὲ
1066 738 1136 822 μετ’
1158 740 1261 806 αὐτὸν
1281 745 1460 806 Κωνσταν-

281 837 510 919 σιλεύσαντος,
541 837 679 922 Πύρρος
708 838 774 901 σὺν
802 847 842 922 τῇ
897 847 1003 921 τίνος,
1032 837 1148 914 ὁυίὸς
1171 839 1286 922 αὐτοῦ,
1309 875 1317 905 ·.
1342 891 1349 904 .
1375 889 1382 904 .
1405 838 1459 904 καὶ
1492 888 1495 898 .

281 937 437 1020 Μαρτίνρ
449 935 611 1023 φαρμάκῳ
621 943 743 1000 τοῦτον
754 933 842 999 civei-
898 935 1147 1020 φαρμακευθεὶς
1157 936 1222 1000 ὑπὸ
1231 941 1406 1022 Μαρτίνης
1417 989 1423 1002 .
1435 987 1441 1000 .
1453 987 1460 1000 .

281 1037 348 1116 λεν,
367 1031 421 1098 καί
438 1033 608 1116 βασιλεύει
617 1031 842 1117 Ἡρακλωνᾶς,
897 1029 952 1098 καὶ
968 1035 1108 1119 Πύρρου
1127 1035 1333 1119 πατριάρχου
1351 1040 1460 1100 τελευ-

281 1129 299 1195 ὁ
324 1141 380 1213 τῆς
404 1133 579 1214 Μαρτίνρς
601 1132 682 1206 υἱός.
897 1135 945 1216 τᾷ.
978 1130 1032 1196 καί
1051 1133 1220 1214 βασιλεύει
1234 1131 1460 1216 Ἡρακλωνᾶς,

897 1227 914 1293 ὁ
939 1233 1115 1314 Μαρτίνης
1142 1231 1215 1306 υίὸς
1244 1233 1309 1295 σὺν
1337 1241 1375 1315 τῇ
1401 1255 1460 1315 μη-

867 1289 871 1376 i
897 1325 950 1410 τρὶ
976 1332 1141 1412 Μαρτίνῃ.

325 1447 353 1507 p.
378 1424 452 1508 331,
468 1425 561 1508 3sqq.
589 1424 610 1508 ἡ
639 1421 676 1488 δὲ
699 1424 842 1506 σύμκλη-
868 1452 870 1469 =
941 1447 969 1508 p.
985 1426 1060 1508 341,
1075 1426 1171 1509 24sq.
1200 1479 1206 1489 .
1225 1477 1231 1490 .
1251 1476 1258 1490 .
1278 1477 1285 1490 .
1305 1427 1459 1491 ἀπώσατο

280 1546 336 1598 τος
366 1522 420 1586 καί
451 1522 472 1606 ἡ
501 1526 596 1599 πόλις
628 1522 768 1606 Πύρρον
799 1520 843 1597 ὡς
869 1550 870 1619 p
896 1522 916 1606 ἡ
940 1523 1124 1608 σύγκλητος
1148 1521 1366 1609 Ἡρακλωνᾶν
1394 1524 1460 1607 ἅμα

281 1618 383 1702 ἀσεβῆ
402 1622 466 1684 σὺν
484 1629 524 1705 τῇ
543 1621 700 1704 Μαρτίνῃ
723 1617 778 1684 καὶ
797 1626 842 1706 τῷ
869 1636 870 1653 ’
897 1624 1054 1706 Μαρτίνῃ
1081 1631 1118 1707 τῇ
1141 1623 1239 1705 μητρί
1262 1623 1368 1687 αὐτοῦ
1384 1674 1390 1686 .
1406 1673 1434 1686 ..

279 1719 343 1805 υἱῷ
366 1718 468 1802 αὐτῆς
491 1716 640 1796 ἐξέωσαν.
869 1734 871 1742 ’

370 1828 411 1888 De
445 1828 709 1908 comprehensione
737 1828 856 1889 Martini
885 1847 977 1908 papae
1011 1831 1134 1908 eiusque
1163 1829 1250 1890 exilio
1285 1838 1314 1890 et
1341 1829 1461 1890 Maximi

281 1925 465 1987 confessoris
497 1927 654 1986 tormentis
681 1926 877 2005 Theophanes
913 1945 967 1986 nos
996 1927 1082 1986 docet
1108 1926 1205 1986 trihus
1234 1925 1359 1987 diversis
1388 1926 1459 1986 iocis

281 2017 324 2106 (n
339 2021 414 2104 333,
429 2021 535 2105 Qasr
554 2043 582 2103 r·
596 2020 670 2102 347,
687 2021 792 2104 ison-3
815 2044 843 2102 r·
859 2021 1072 2104 347‚21soo·;
1096 2043 1124 2102 r·
1139 2020 1213 2102 351,
1231 2018 1368 2108 lisso),
1388 2044 1459 2103 ouo·

280 2140 348 2182 rum
379 2113 497 2201 primus
523 2129 553 2182 et
581 2123 688 2182 tertius
718 2121 798 2182 haud
826 2123 888 2182 scio
917 2141 953 2182 an
982 2123 1124 2182 affinitate
1153 2122 1279 2201 quadam
1308 2124 1459 2182 coniuncti

280 2221 348 2280 sint.
395 2218 537 2280 Conieras
560 2238 670 2300 quaeso
693 2219 780 2280 haec:

324 2336 353 2396 p.
372 2313 482 2396 3322
513 2364 550 2378 ..
575 2365 581 2376 .
605 2315 664 2378 τόν
686 2336 722 2377 τε
745 2315 842 2396 άγιον
941 2336 969 2396 p.
991 2313 1122 2397 351,17
1154 2363 1192 2378 ..
1217 2363 1224 2377 .
1247 2312 1301 2378 καὶ
1331 2319 1459 2395 Μαρτί-

280 2415 458 2496 Μαρτῑνον
488 2410 543 2476 καί
566 2409 724 2492 Μάξιμον
753 2410 842 2493 ἐνέγ-
897 2435 958 2476 νον
977 2413 1037 2477 τὸν
1056 2411 1240 2494 ἁγιώτατον
1258 2413 1371 2476 πάπαν
1384 2409 1460 2476 Ῥώ-

279 2534 340 2586 κας
394 2507 432 2574 ἐν
484 2511 842 2575 Κωνσταντινουιτόλει
897 2534 958 2594 μης
992 2509 1113 2594 ἀτίμως
1144 2513 1268 2592 ἤγαγεν
1297 2508 1334 2574 ἐν
1362 2513 1458 2575 Κοιν-

278 2606 335 2673 καὶ
353 2609 537 2690 βασανίσας
551 2607 662 2692 ε’ξορίᾳ
677 2606 841 2691 παρέπεμ
867 2654 870 2789 ,
897 2605 1400 2692 σταντινονττόλεικαίέξώρισεν
1411 2611 1458 2685 είς

282 2715 346 2783 ύεν
368 2702 406 2769 ἐν
429 2709 580 2788 Χερσῶνι
604 2703 659 2770 καὶ
682 2715 752 2781 τοῖς
775 2709 840 2771 κλί·
897 2706 936 2769 τά
958 2715 1016 2788 τῆς
1035 2708 1210 2789 Χερσῶνος
1231 2711 1380 2788 κλίματα,
1403 2706 1458 2770 καί

280 2821 394 2887 μασιν
431 2806 576 2880 πολλοὺς
613 2799 651 2867 δὲ
687 2801 743 2868 καί
775 2815 841 2868 τῶν
898 2801 1054 2887 Μάξιμον
1082 2805 1142 2868 τὸν
1168 2803 1458 2886 σοφώτατον...

280 2899 444 2985 ἑσπερίων
465 2899 666 2977 ἐπισκόπους
685 2900 841 2986 ἐτιμωρύ-
897 2893 1187 2985 ίμλοισσοτόμησεν
1210 2954 1216 2966 .
1241 2951 1248 2964 .
1272 2951 1279 2965 .
1302 2901 1357 2966 καί
1378 2907 1457 2966 τολ-

280 3015 368 3064 σατο.
868 3052 869 3081 ,
897 3001 976 3075 λοὺς
1007 3010 1074 3063 τῶν
1106 2998 1302 3084 ὀρθοὸόξων
1337 3001 1458 3076 αίκιάις

867 3110 869 3182 t
897 3146 903 3160 .
928 3145 934 3159 .
960 3146 966 3159 .
990 3097 1182 3162 κατεδίκασε
1207 3147 1213 3160 .
1238 3147 1276 3161 ..

369 3198 568 3259 Transeamus
596 3217 675 3259 nunc
699 3198 735 3259 ad
759 3217 825 3259 eam
848 3199 1102 3276 chronographiae
1126 3207 1241 3277 partem
1264 3199 1458 3277 tractandam,

279 3299 310 3356 in
339 3313 396 3374 qua
424 3294 619 3374 Theophanes
647 3313 696 3355 res
725 3314 800 3374 quae
824 3296 1011 3356 Constantini
1034 3296 1073 3356 lii
1096 3305 1230 3374 tempore
1258 3304 1359 3374 gestae
1389 3305 1459 3357 sunt

280 3393 405 3472 singulis
425 3395 511 3453 annis
529 3392 633 3453 mnndi
648 3395 787 3471 assignat.
823 3393 1054 3454 Wellhausen
1076 3397 1225 3454 existimat
1239 3394 1457 3474 Theophanem,

280 3511 348 3552 cum
377 3490 413 3551 de
441 3489 531 3551 rebus
555 3490 771 3550 Saracenorum
800 3510 962 3571 eorumque
990 3492 1112 3571 proeliis
1137 3511 1204 3553 cum
1229 3490 1350 3552 Graecis
1378 3511 1457 3551 com-

278 3591 380 3651 missis
403 3589 472 3668 agit,
494 3607 555 3649 non
578 3595 638 3648 tam
661 3588 794 3649 arabicos
818 3589 914 3650 fontes
938 3609 1026 3669 quam
1050 3592 1180 3669 syriacas
1204 3585 1413 3672 adhibuisse.¹)

368 3687 564 3766 Theophanes
588 3686 643 3746 suh
667 3686 698 3745 Α.
709 3686 746 3746 Μ.
757 3675 844 3747 6146
872 3687 908 3748 de
931 3688 1044 3767 proelio
1068 3689 1130 3766 agit
1152 3687 1257 3766 navali,
1285 3687 1363 3766 quod
1387 3690 1457 3747 Ara·

278 3785 333 3846 hes
357 3793 386 3846 et
405 3783 512 3845 Graeci
530 3801 606 3844 anno
627 3779 691 3845 655
714 3784 750 3844 ad
768 3784 947 3846 Phoenicem
967 3788 1188 3846 commiserunt.
1227 3785 1375 3865 Fabulam,
1399 3805 1457 3864 qua

280 3902 329 3944 res
352 3902 369 3944 a
392 3883 461 3944 filiis
484 3881 672 3942 Bucinatoris
691 3882 805 3961 Tripoli
828 3891 928 3960 gestae
947 3891 1116 3962 narrantur,
1140 3901 1176 3943 ex
1195 3885 1310 3962 syriaco
1330 3883 1457 3962 quodam

280 3981 360 4041 ionte
384 3980 506 4042 fluxisse
530 3998 546 4039 e
570 3982 789 4059 comparatione
808 3979 996 4059 Theophanis
1020 3989 1051 4042 et
1073 3979 1154 4041 Eiiae
1174 3974 1341 4064 Nisibeni²)
1367 3974 1414 4063 (Α.
1423 3981 1457 4042 H.

371 4154 397 4220 1)
416 4151 642 4206 Wellhausen
661 4151 731 4218 „Die
746 4151 866 4222 Kimpfe
885 4153 935 4206 dor
948 4152 1055 4206 Arebor
1073 4152 1126 4206 mie
1140 4153 1195 4206 den
1209 4153 1349 4206 Romiicrn
1363 4152 1393 4205 in
1408 4153 1457 4206 dor

280 4231 342 4286 zois
359 4233 409 4286 der
422 4231 601 4301 Umaijidcn“
621 4249 671 4285 eus
686 4231 740 4285 den
754 4231 946 4287 Nechrichten
960 4233 1010 4286 dor
1023 4231 1050 4286 k.
1066 4231 1253 4286 Gesellschaft
1268 4233 1317 4284 dor
1331 4231 1457 4285 Wissen-

280 4312 409 4367 achsftcn
427 4330 461 4365 nu
480 4311 642 4382 Gottingcn,
661 4311 848 4367 Philol.-Hist.
868 4312 966 4366 Klassc
987 4317 1065 4380 1901,
1084 4311 1152 4366 Hert
1171 4319 1196 4379 4,
1216 4331 1242 4382 p.
1259 4317 1319 4366 445.

369 4395 396 4462 2)
415 4392 445 4446 F.
465 4391 656 4462 Bacihgem
680 4393 848 4462 Fragmenie
872 4410 926 4461 syr.
945 4411 971 4446 u.
993 4391 1069 4446 arab.
1089 4391 1255 4446 Historikcr.
1293 4391 1416 4462 Abhdig.
1436 4392 1455 4446 f.

281 4473 307 4527 d.
327 4473 427 4527 Kundo
447 4474 472 4526 d.
493 4472 716 4543 Morgenrandm
736 4473 822 4543 hggh.
841 4489 896 4526 von
915 4473 964 4527 der
982 4473 1015 4526 D.
1026 4473 1063 4526 M.
1075 4471 1106 4526 G.
1127 4472 1199 4541 VIII,
1214 4480 1230 4526 3
1245 4491 1271 4542 p.
1289 4478 1347 4526 113.
