3304 5098
633 313 859 376 .-n-

162 493 314 582 r·odiret.¹)
362 498 572 558 Constantinus
600 503 699 555 antem
727 503 757 555 et
783 495 963 556 Heraclouas
993 497 1188 574 imperatores
1218 493 1337 574 publice

158 595 427 676 pronuntiabantur
457 602 487 656 et
517 593 728 654 Constantinus
758 592 892 672 quidem,
923 596 974 672 qui
1003 594 1163 672 imperium
1193 609 1335 653 exercens

158 694 382 772 agnoscebatur,
407 712 423 752 a
446 692 554 772 populo
579 691 655 751 dono
679 692 787 751 eximio
810 691 970 752 honoratus
994 698 1047 752 est.
1055 684 1081 774 ²)

249 791 403 851 Martinam
428 810 479 870 spe
503 791 623 869 imperii
645 788 729 849 brevi
752 797 885 868 tempore
908 797 976 868 post
998 788 1163 868 occupandi
1185 807 1246 849 non
1270 807 1336 849 esse

159 889 304 949 deiectam
328 889 414 950 laeile
438 890 534 948 conici
556 895 663 967 potest,
687 905 755 947 cum
778 905 872 947 novus
895 888 1057 966 imperator
1079 885 1182 947 morbo
1202 889 1284 964 gravi
1308 895 1337 951 et

159 988 313 1048 mortilero
337 988 460 1048 allectus
480 994 567 1047 esset.
614 984 689 1045 Eum
709 1004 744 1045 ex
763 984 903 1063 pulmone
922 983 1101 1045 laboravisse
1121 984 1234 1063 colligo,
1258 984 1337 1064 quod

158 1084 268 1144 Ioanne
287 1083 374 1144 Niciu
398 1093 474 1144 teste
498 1083 673 1161 sanguinem
697 1085 815 1142 vomuit
823 1076 849 1166 8)
895 1081 1016 1142 Morbus
1039 1083 1249 1161 imperatorem
1272 1091 1336 1143 tan·

158 1190 262 1262 topere
283 1181 458 1261 defatigarit,
477 1190 511 1242 ut
530 1179 637 1241 cotidie
657 1180 821 1240 timendum
840 1189 927 1259 esset,
947 1199 984 1240 ne
1003 1174 1208 1264 moreretur.⁴)
1246 1180 1336 1259 Prop-

158 1289 207 1341 ter
236 1282 308 1340 mite
340 1280 453 1340 caelum
477 1278 693 1339 Chalcedouem
724 1297 756 1339 se
780 1278 912 1356 contulit,
940 1277 992 1339 ubi
1015 1277 1156 1357 palatium
1180 1279 1336 1340 aedifican-

82 1363 85 1370 ’
159 1379 230 1439 dum
261 1371 456 1461 curaverat.⁵)
503 1377 542 1438 Ut
565 1376 788 1454 Constantinus,
818 1396 885 1436 cum
912 1375 1048 1437 Heraclio
1072 1384 1189 1436 mortuo
1212 1375 1337 1436 Martina

159 1477 319 1555 imperium
343 1475 400 1535 sibi
424 1477 571 1536 asciscere
596 1481 699 1534 conata
723 1481 814 1552 esset,
844 1475 909 1552 ipse
932 1481 1055 1552 propter
1076 1473 1248 1551 languorem
1273 1493 1337 1534 cor-

159 1578 240 1655 poris
269 1573 401 1635 consiliis
425 1591 577 1650 novercae,
601 1579 635 1632 ut
657 1571 782 1650 videtur,
806 1571 952 1631 obluctari
975 1590 1034 1632 non
1057 1573 1161 1650 potuit,
1184 1573 1225 1632 ita
1249 1574 1338 1632 etiarn

158 1681 316 1752 postquam
348 1675 509 1750 imperator
542 1670 636 1730 lactus
670 1677 728 1749 est,
760 1669 863 1730 morbo
894 1669 1054 1749 impeditus
1087 1670 1179 1730 fuisse
1212 1669 1338 1749 videtur,

158 1773 318 1850 quominus
346 1773 410 1848 ipse
442 1769 602 1847 imperinm
632 1767 861 1828 administraret.
915 1767 1040 1828 loannes
1064 1767 1150 1828 Niciu
1181 1787 1248 1829 eum
1278 1787 1338 1830 non

158 1872 218 1930 uisi
242 1871 341 1948 specie
364 1870 489 1947 imperio
512 1867 678 1946 praefuisse
700 1859 841 1949 prodit⁶)

250 1967 332 2027 Licet
359 1968 500 2044 princeps
529 1967 572 2024 rei
600 1963 735 2044 publicae
765 1972 902 2042 aegrotus
926 1971 956 2023 ct
980 1962 1148 2024 debilitatus
1176 1973 1338 2042 praeesset,

160 2074 258 2148 tamen
286 2066 318 2124 in
346 2065 471 2142 imperio
500 2061 629 2140 regendo
659 2069 772 2121 tantum
801 2063 910 2140 vigoris
938 2070 968 2122 et
990 2061 1154 2122 industriae
1178 2064 1337 2140 invenitur,

158 2171 192 2238 ut
215 2165 425 2241 imperatorem
450 2160 576 2220 sortibus
601 2168 630 2220 et
652 2162 757 2239 peritis
781 2161 870 2220 sociis
893 2158 1136 2240 adiutoribusque
1159 2178 1247 2220 usum
1271 2178 1338 2222 esse

159 2263 348 2320 coniciamus.
396 2259 459 2318 Una
493 2277 559 2318 cum
597 2260 722 2337 imperio
755 2257 966 2318 Constantinus
999 2277 1015 2317 a
1047 2266 1130 2337 patre
1163 2257 1274 2319 bellum
1306 2260 1337 2317 in

159 2359 290 2438 Aegypto
315 2366 416 2418 contra
440 2355 552 2416 Arabes
576 2355 739 2434 gerendum
763 2355 843 2416 velut
865 2354 1028 2415 hereditate
1052 2363 1215 2434 acceperat.
1261 2357 1335 2434 Aga-

160 2459 227 2516 reni
257 2464 413 2535 postquam
445 2454 518 2514 duce
547 2453 656 2514 Ambro
686 2447 771 2535 (Amr
797 2453 849 2512 ibn
878 2453 904 2512 al
931 2447 996 2536 Asi)
1027 2455 1059 2512 in
1086 2453 1250 2532 Aegyptum
1281 2454 1336 2515 sub

159 2555 250 2614 finem
274 2555 343 2613 anni
362 2549 427 2613 639
447 2555 619 2612 invaserunt
628 2546 663 2635 ⁷),
687 2551 769 2611 brevi
793 2559 925 2630 tempore
949 2552 1107 2610 maximam
1130 2559 1245 2630 partem
1267 2571 1336 2631 pro·

159 2653 273 2712 vinciae
298 2651 419 2710 Graecis
443 2650 479 2710 ad
503 2649 679 2729 Heliopolim
704 2643 792 2732 (lulio
815 2667 918 2709 mense
943 2650 1012 2708 anni
1031 2642 1111 2731 640)
1135 2644 1254 2733 victis⁸)
1280 2649 1334 2710 sub

159 2769 244 2810 suam
269 2757 443 2828 potestatem
468 2747 657 2828 redegerant;
682 2755 769 2826 atque
793 2749 946 2826 occupatio
970 2754 1067 2806 terrae
1091 2765 1125 2807 eo
1149 2747 1265 2808 facilius
1285 2767 1335 2808 ex·

159 2847 258 2927 pedita
274 2857 345 2926 erat,
365 2846 443 2925 quod
456 2847 591 2925 Aegyptii
605 2845 761 2924 indigenae
779 2837 880 2926 (vulgo
895 2845 1027 2923 Coptitae
1043 2839 1205 2928 appellati),
1225 2848 1334 2926 quippe

159 2948 211 3024 qui
230 2965 246 3005 a
266 2945 341 3024 Cyro
360 2944 527 3024 patriarcha
547 2943 744 3004 Alexandrino
763 2942 872 3002 multos
891 2961 983 3002 annos
1002 2951 1124 3021 propter
1143 2941 1232 3003 fidem
1252 2962 1336 3005 suam

159 3043 424 3122 monophysiticam
447 3044 544 3102 vexati
567 3035 713 3124 essent9),
743 3040 864 3100 Graecis
892 3041 1001 3100 inlensi
1029 3059 1097 3100 cum
1121 3039 1266 3102 Arabibus
1295 3042 1336 3101 l·

159 3149 274 3201 cerunt.
335 3141 408 3200 Cum
443 3141 544 3200 hostes
579 3139 741 3218 septembri
773 3140 843 3198 anni
873 3134 939 3198 640
971 3137 1149 3216 Babylonem
1182 3138 1336 3200 obsidione

158 3233 392 3322 clausissent¹⁰),
426 3238 520 3318 Cyrus
552 3257 586 3298 ex
619 3257 672 3297 suo
703 3237 825 3296 arbitrio
855 3255 923 3296 cum
939 3237 998 3295 .eis
1021 3238 1188 3314 pactionem
1216 3237 1336 3317 lecerat,

158 3357 218 3417 qua
246 3338 439 3397 constitutum
468 3343 544 3414 erat,
573 3343 606 3395 ut
630 3334 735 3396 Graeci
761 3353 793 3394 se
822 3333 993 3394 subicerent
1015 3332 1219 3412 tributumque
1243 3334 1336 3395 solve-

160 3429 282 3518 remu).
321 3433 378 3494 Sed
396 3433 551 3494 Heraclius
575 3435 737 3511 imperator
759 3441 876 3511 pactum
897 3449 956 3491 non
975 3430 1150 3510 probaverat
1169 3439 1199 3492 et
1218 3431 1336 3511 Cyrum,

159 3535 209 3594 eui
232 3550 411 3612 magnopere
435 3531 629 3609 irascebatur,
654 3532 722 3609 quia
746 3549 814 3590 cum
837 3529 972 3589 hostibus
997 3537 1105 3608 egerat,
1130 3528 1336 3591 Constantino·

269 3707 294 3771 1)
312 3702 430 3772 Niceph.
449 3721 476 3772 p.
497 3708 540 3769 28,
551 3709 575 3756 9.
685 3703 711 3771 2)
730 3701 853 3770 Idemfp.
872 3707 949 3768 28,3.

268 3787 294 3853 3)
313 3783 408 3837 Ioann.
429 3783 490 3836 Nic.
510 3782 527 3836 l.
548 3800 571 3837 c.
592 3802 619 3852 p.
639 3788 699 3838 665.

268 3867 295 3932 4)
313 3863 432 3934 Niceph.
453 3882 480 3933 p.
500 3869 544 3929 28,
559 3870 662 3930 22sqq.
701 3861 816 3917 Cedren.
836 3863 849 3915 I
866 3881 893 3931 p.
915 3867 974 3929 753,
990 3869 1015 3915 4.

270 3946 296 4013 5)
315 3943 393 3998 Idem
411 3962 438 4014 p.
459 3949 501 4010 28,
517 3948 600 4012 20sq.
709 3945 736 4012 6)
754 3943 850 3996 Ionnn.
868 3941 931 3996 Nic.
951 3961 977 4012 p.
999 3947 1059 3996 tit.

270 4027 295 4093 7)
315 4023 448 4088 Butler,
468 4023 528 4078 'Phe
547 4023 616 4078 ereb
635 4025 770 4091 conquest
788 4022 820 4076 ol
834 4022 937 4093 Egypt.
957 4021 1062 4076 Oxford
1082 4029 1159 4091 1902,
1178 4041 1205 4092 p.
1228 4028 1286 4076 198.

267 4108 294 4172 8)
313 4103 384 4157 lbid.
404 4123 431 4172 p.
452 4109 571 4172 tilsqq.

268 4187 295 4253 9)
313 4185 385 4238 Ibid.
404 4203 431 4254 p.
453 4189 570 4253 idsssqq.

242 4264 384 4331 ·10)1bid.
403 4283 431 4334 p.
450 4269 502 4318 249
511 4282 571 4332 sqq.

253 4347 295 4414 tl)
314 4343 389 4398 Num
407 4345 502 4414 pactio
521 4344 551 4398 in
571 4343 660 4399 solem
674 4344 847 4414 Babylonem
867 4360 903 4398 an
917 4347 1006 4398 toturn
1021 4342 1193 4413 provinciam
1209 4342 1337 4410 valuerit,

159 4423 245 4494 plene
264 4424 415 4478 diiudicari
434 4424 546 4493 nequit;
566 4425 600 4478 cf.
620 4423 739 4478 Butler
757 4424 775 4478 l.
795 4441 817 4478 c.
838 4442 866 4493 p.
886 4430 945 4478 262.

215 4522 424 4565 Commentationum
438 4527 554 4565 lonenses.
578 4524 642 4574 VIII,
652 4527 671 4564 1.
1071 4519 1086 4566 2
