3304 5098
685 284 904 347 ..61-

206 471 289 547 ravit,
314 467 392 548 quod
416 468 584 547 suspicatus
608 473 654 527 est
676 484 783 545 papam
806 464 849 524 ibi
873 483 953 524 arma
977 472 1007 525 et
1025 463 1138 544 lapides
1156 465 1380 544 praeparavisse

205 575 393 646 armatosque
422 565 595 644 collocasse,
623 563 720 625 media
748 571 834 624 nocte
863 565 893 622 in
923 561 1076 623 basilicam
1106 549 1187 622 cum
1202 563 1295 640 copiis
1319 563 1381 622 suis

204 667 326 744 irrupit,
356 673 390 725 ut
417 683 537 744 papam,
567 664 618 742 qui
646 661 683 722 ad
710 661 801 722 altare
830 664 860 721 in
884 659 992 721 lectulo
1016 659 1143 739 iacebat,
1174 658 1381 739 prehenderet.

204 763 247 824 De
270 781 377 842 magno
400 761 530 822 tumultu
555 780 643 841 quem
667 759 777 821 milites
800 765 958 818 moverunt
975 757 1119 819 Martinus
1139 757 1175 817 ad
1193 756 1381 818 Theodomm

205 861 274 922 talia
299 862 433 940 scripsit:
455 862 734 937 „percutiebantur
753 862 848 918 armis
872 859 1020 918 candelae
1041 862 1168 917 sanctae
1186 858 1334 916 ecclesiae
1353 862 1383 915 et

205 968 351 1020 retunsae
374 961 611 1020 excutiebantur
635 963 666 1018 in
684 960 902 1034 pavimentum,
926 963 955 1016 et
979 957 1165 1016 audiebatur
1182 957 1306 1029 sonitus,
1330 957 1384 1028 qui
1434 1001 1436 1006 .

205 1061 237 1118 in
262 1059 368 1117 eadem
387 1058 484 1130 fiebat
506 1059 645 1133 ecclesia,
670 1058 762 1116 ueluti
785 1058 916 1114 tonitrus
939 1056 1064 1129 quidam
1082 1055 1239 1114 horribilis
1258 1059 1320 1113 tam
1342 1070 1383 1112 ea

199 1172 352 1232 pressura
383 1171 538 1215 armorum
571 1171 662 1230 qaam
693 1171 733 1212 ea
762 1154 955 1212 multitudine
985 1152 1242 1212 candelabrorum
1272 1151 1311 1211 ab
1339 1154 1383 1210 eis

203 1249 405 1330 fractorum“.
413 1246 438 1336 1)
495 1251 590 1312 Simul
622 1249 795 1310 Theodorus
828 1248 946 1328 Caliopa
978 1247 1161 1328 presbyteris
1193 1247 1383 1326 dissonisque

207 1352 258 1429 qui
291 1368 359 1410 cum
391 1368 467 1429 papa
494 1358 578 1410 erant
610 1348 724 1409 litteras
751 1349 939 1426 imperatoris
971 1346 1065 1426 dedit,
1093 1345 1201 1426 quibus
1230 1345 1383 1406 decretum

208 1455 284 1526 erat,
316 1455 351 1508 ut
380 1447 524 1508 Martinus
556 1447 755 1526 deponeretur
783 1448 885 1525 „quod
914 1449 1133 1522 irrepulariter
1163 1453 1193 1506 et
1221 1449 1287 1506 sine
1317 1447 1384 1520 lepe

207 1550 412 1623 episcopatum
441 1549 642 1623 subripuisset
669 1553 698 1605 et
726 1561 786 1605 non
815 1552 891 1604 esset
918 1548 949 1604 in
979 1547 1146 1620 apostolica
1168 1536 1244 1604 'sede
1272 1545 1385 1618 dipnus

208 1641 357 1725 institui“;
381 1662 439 1723 quo
459 1642 743 1722 Constantinopolim
767 1649 965 1720 transportato
989 1641 1078 1702 alium
1102 1659 1207 1721 papam
1232 1642 1296 1702 eius
1320 1640 1384 1701 loeo

206 1741 421 1802 instituendum
445 1759 519 1802 esse.

296 1838 420 1900 llomani
449 1839 485 1899 ad
513 1839 713 1900 resistendum
742 1856 801 1898 non
830 1839 924 1916 parati
953 1856 1018 1898 esse
1046 1836 1223 1898 videbantur
1251 1844 1281 1898 et
1309 1836 1384 1896 blar-

209 1938 290 1998 tinus
315 1939 374 2016 qui,
398 1945 432 1997 ut
454 1939 519 2017 ipse
543 1939 659 2016 latetur,
683 1938 860 2014 sanguinem
880 1935 964 1996 lundi
983 1935 1078 1996 noluit
1101 1934 1255 1995 Theodoro
1277 1953 1309 1996 se
1335 1933 1384 1996 de·

211 2033 295 2094 didit.
340 2034 470 2113 Populus
499 2042 597 2096 autem
621 2037 673 2114 qui
697 2040 890 2094 concurrerat
912 2032 1060 2111 clamavit,
1088 2051 1156 2093 cum
1180 2032 1325 2093 Martinus
1348 2051 1383 2092 ex

210 2131 337 2193 ecclesia
364 2134 460 2192 exiret
485 2135 677 2212 „Anatbema
704 2134 817 2193 babent
845 2135 981 2206 quisquis
1005 2133 1122 2192 dixerit
1147 2134 1194 2192 uei
1215 2133 1386 2192 crediderit

211 2230 380 2291 Martinam
404 2249 499 2306 usqae
522 2234 565 2292 ad
586 2248 679 2290 unum
699 2233 817 2307 apicem
832 2231 926 2302 tidem
945 2233 1106 2290 mutavisse
1125 2236 1180 2290 aat
1197 2237 1384 2290 mutaturum

210 2328 299 2390 essd‘.
345 2327 384 2388 Ut
407 2327 566 2389 multitudo
586 2330 712 2389 excitata
731 2325 907 2406 placaretur,
927 2325 1100 2387 Theodorus
1120 2325 1255 2386 clamavit
1274 2325 1384 2387 nullam

208 2423 296 2485 aliam
319 2425 408 2486 iidem
431 2433 552 2506 praeter
575 2424 768 2486 orthodoxam
792 2443 858 2484 esse
883 2442 974 2503 seque
997 2426 1095 2504 ipsum
1119 2423 1198 2484 haud
1217 2423 1303 2484 aliter
1321 2442 1385 2484 ore·

209 2521 289 2583 dere.
335 2523 495 2603 Postquam
518 2523 644 2584 Martino
672 2525 785 2601 petenti
809 2525 970 2602 concessit,
1000 2530 1034 2583 ut
1062 2522 1164 2583 clerici
1187 2541 1255 2582 eum
1279 2540 1384 2601 seque·

209 2629 314 2681 rentur
349 2640 422 2700 quos
452 2621 552 2699 vellet,
587 2638 654 2681 eum
687 2621 718 2680 in
749 2620 891 2699 palatium
920 2620 1026 2681 abduci
1053 2622 1153 2700 iussit,
1183 2619 1235 2680 ubi
1263 2621 1383 2680 interim

209 2717 342 2778 custodia
371 2717 535 2780 tenebatur.
588 2717 642 2778 llie
672 2717 775 2779 Martis
810 2737 913 2779 omnes
949 2718 1049 2779 elerici
1081 2737 1187 2798 papam
1218 2716 1385 2796 depositum

208 2815 325 2876 visendi
344 2835 433 2877 causa
452 2816 598 2894 adierunt,
622 2834 749 2896 quorum
768 2816 854 2878 multi
872 2819 968 2896 parati
988 2825 1072 2877 erant
1091 2835 1158 2878 eum
1179 2815 1385 2876 Constantino·
1491 2871 1493 2878 .

208 2912 299 2992 polim
328 2915 445 2974 sectari.
497 2912 571 2974 Cum
595 2915 740 2976 exarchus
768 2917 905 2976 timuisse
928 2914 1076 2994 videatur,
1107 2932 1144 2974 ne
1167 2913 1305 2994 Romani,
1334 2916 1385 2992 qui

210 3012 274 3072 sine
303 3010 393 3072 dubio
426 3012 693 3090 comprehensione
726 3014 858 3092 episcopi
887 3031 1067 3092 magnopere
1095 3011 1263 3072 exacerbati
1292 3019 1385 3090 erant,

208 3108 418 3189 prohiberent·
431 3112 589 3188 quominus
604 3109 747 3171 Martinus
758 3109 1042 3190 Constantinopolim
1059 3109 1266 3188 abduceretur,
1279 3128 1385 3189 papam

209 3215 296 3267 nocte
324 3209 462 3286 sequenti
491 3207 630 3268 omnibus
659 3209 723 3270 eius
751 3209 854 3268 amicis
883 3211 1006 3270 remotis
1034 3227 1069 3269 ex
1097 3208 1172 3269 urbe
1199 3207 1385 3269 educendum

210 3313 241 3365 et
263 3304 300 3364 ad
323 3313 442 3384 portum
464 3305 727 3386 transportandum
751 3308 866 3367 curavit
887 3325 985 3385 neque
1005 3309 1154 3368 concessit
1177 3308 1205 3366 ei
1224 3305 1384 3385 quidquam

210 3420 312 3463 secum
337 3402 445 3464 ducere
470 3406 529 3464 nisi
553 3422 595 3484 ea,
619 3423 694 3484 quae
717 3406 845 3464 maxime
863 3407 1033 3465 necessaria
1052 3413 1160 3466 essent.
1206 3404 1243 3464 Et
1262 3423 1299 3464 ne
1319 3405 1385 3483 quis

210 3517 246 3560 ex
273 3499 347 3560 urbe
376 3499 413 3561 ad
440 3519 546 3580 papam
570 3503 697 3580 veniret,
725 3509 826 3580 portas
855 3501 952 3562 claudi
979 3504 1075 3564 iussit.
1122 3501 1185 3573 Quo
1210 3503 1287 3563 lacto
1310 3502 1385 3561 Mar·

209 3599 290 3658 tinus
314 3600 345 3658 in
368 3617 473 3659 navem
503 3597 647 3660 deductus
676 3607 734 3679 est,
764 3607 798 3661 nt
825 3602 857 3661 in
881 3611 969 3681 caput
991 3602 1112 3680 imperii
1133 3600 1384 3661 transveheretur.

298 3695 423 3758 Etiamsi
450 3695 530 3758 haud
558 3699 598 3758 ita
626 3698 718 3760 multo
743 3705 811 3760 ante
835 3697 863 3758 S.
887 3698 1032 3760 Maximus
1055 3700 1217 3759 sententias
1240 3697 1385 3758 Romano·

210 3812 277 3854 rum
305 3793 484 3856 clericorum
512 3798 823 3874 arrogantissimorum
852 3799 1049 3876 pronuntians
1079 3804 1236 3876 negaverat
1258 3797 1385 3874 impera·

210 3893 283 3952 toris
312 3911 378 3952 esse
407 3911 439 3953 se
464 3891 555 3954 rebus
579 3893 790 3954 ecclesiasticis
814 3889 1026 3980 immiscere¹),
1052 3902 1150 3955 tamen
1174 3893 1385 3955 Constantinus

210 3989 372 4068 imperator
394 4009 454 4051 non
477 4009 592 4072 passus,
617 3990 652 4052 de
674 4011 727 4054 suo
747 3994 811 4053 iure
831 3995 939 4053 summi
959 3995 1092 4072 episcopi
1111 3991 1235 4070 detrahi,
1258 3993 1385 4052 auotori-

210 4093 301 4148 tatem
324 4106 408 4149 suam
432 4087 551 4168 plenam
574 4087 716 4168 probavit,
740 4108 807 4150 cum
827 4108 941 4170 papam,
965 4092 1074 4170 quippe
1098 4091 1149 4169 qui
1172 4091 1235 4150 suis
1253 4089 1386 4151 consiliis

213 4203 315 4263 pacem
338 4185 542 4264 spectantibus
566 4205 680 4248 summa
704 4206 771 4248 cum
795 4189 960 4267 pervicacia
982 4188 1225 4266 contumaciaque
1249 4186 1386 4249 obversa·

301 4394 326 4464 1)
344 4392 455 4449 blansi
473 4393 499 4446 X
517 4412 544 4464 p.
560 4399 619 4449 852.
730 4398 756 4466 2)
775 4395 848 4449 Vide
867 4395 949 4450 infre..
