3304 5098
759 313 981 378 ..76-

370 495 529 574 Postquam
554 493 764 555 Constantinus
782 494 821 554 lll
846 495 1038 556 Constantino
1066 494 1126 556 tilio
1153 497 1312 574 imperium
1337 496 1462 558 admini-

282 591 435 654 strandum
461 591 660 670 demandavit,
687 611 793 672 magno
818 612 885 654 cum
910 595 1042 654 exercitu
1066 612 1142 654 anno
1166 589 1232 656 662
1255 593 1462 655 Constantino·

280 690 341 770 poli
377 691 530 770 protectus
567 685 654 774 ast.¹)
711 689 881 750 Secundum
918 690 988 752 litus
1024 699 1128 752 vectus
1163 693 1294 771 primum
1330 692 1461 753 Athenas

281 807 402 850 cursum
430 782 572 873 tenuit2),
599 788 652 850 ubi
675 807 743 849 eum
766 789 864 848 hieme
888 784 984 870 662]ss
1008 797 1155 850 moratum
1180 807 1246 851 esse
1270 784 1460 874 conicitur.³)

280 885 352 946 lude
379 905 461 947 mare
490 893 696 965 transgressus
725 886 761 946 ad
785 886 947 947 Tarentum
975 905 1064 948 naves
1088 887 1202 966 appulit
1225 889 1385 968 copiasque
1409 907 1459 950 ex-

280 987 388 1065 posuit.

370 1081 429 1142 Sed
451 1083 625 1162 priusquam
650 1100 712 1162 res,
736 1101 810 1161 quas
834 1085 1049 1162 imperatorin
1072 1083 1155 1143 ltalia
1180 1091 1209 1145 et
1233 1083 1334 1145 Sicilia
1358 1086 1460 1163 gessit,

280 1197 504 1259 persequemur,
527 1187 613 1240 autea
637 1179 693 1240 alia
717 1187 844 1241 tractare
868 1179 964 1241 liceat.

358 1432 403 1498 De
426 1434 559 1517 pugnis,
583 1451 663 1515 quae
686 1435 828 1498 extremo
851 1434 993 1518 tempore
1016 1435 1146 1518 inperii
1170 1434 1377 1500 constantini

403 1532 492 1596 inter
516 1530 651 1596 Graecos
675 1532 708 1596 et
730 1532 855 1596 Arabes
878 1533 914 1598 in
937 1532 1153 1598 orientalibus
1176 1532 1327 1616 partibus

643 1629 774 1713 imperii
797 1633 982 1696 commissae
1005 1633 1091 1696 sunt.

368 1776 442 1838 Cum
465 1777 511 1837 Ali
544 1777 591 1838 die
619 1773 659 1837 21
685 1777 815 1837 ianuarii
847 1780 918 1838 anni
941 1773 1003 1838 661
1033 1779 1209 1839 interiectus
1238 1785 1331 1857 esset,
1363 1776 1457 1838 blavia

278 1875 334 1935 hoc
365 1874 533 1936 adversario
563 1875 706 1954 hosteque
735 1875 878 1936 liberatus
908 1870 994 1960 est.⁴)
1045 1875 1083 1936 Et
1109 1884 1267 1956 postquam
1294 1875 1361 1936 lrak
1388 1893 1457 1954 pro·

277 1974 374 2033 vincia
406 1980 509 2052 pacata
540 1973 652 2052 Hasan,
688 1973 734 2033 Ali
766 1973 845 2033 filius
878 1972 1035 2052 abdicavit,
1072 1973 1164 2033 blavia
1198 1973 1278 2034 solus
1312 1991 1458 2034 summam

277 2072 397 2150 imperii
415 2071 544 2132 Arabum
568 2064 706 2155 tenuit.⁶)
745 2069 830 2130 Nunc
854 2071 974 2150 quidem
997 2073 1111 2150 putavit
1129 2090 1161 2132 se
1181 2090 1241 2132 nou
1259 2073 1318 2132 iam
1337 2070 1457 2149 habere,

278 2168 357 2248 quod
379 2188 482 2248 pacem
506 2171 718 2248 turpissimam,
741 2187 829 2247 quam
853 2189 869 2229 a
894 2167 1015 2229 Graecis
1037 2169 1149 2230 tributo
1173 2169 1313 2230 solvendo
1337 2175 1457 2246 emerat,

279 2266 390 2327 diutius
418 2275 558 2327 servaret.
605 2265 683 2326 Num
711 2285 766 2346 per
793 2267 906 2344 legatos
933 2285 1037 2345 pacem
1060 2269 1275 2328 renuntiaverit
1298 2275 1328 2327 et
1351 2266 1457 2327 Graeci

278 2364 314 2424 ab
338 2383 372 2425 eo
395 2367 563 2444 petiverint,
585 2373 620 2426 ut
642 2384 697 2444 pax
721 2374 931 2444 prorogaretur
955 2358 1005 2448 (el.
1026 2365 1132 2445 Syrum
1152 2359 1278 2449 Noeld.),
1296 2383 1351 2444 pro
1375 2371 1457 2424 certo

280 2461 339 2522 dici
361 2481 420 2522 nou
443 2471 548 2542 potest.
600 2462 673 2523 Cum
697 2463 789 2523 Mavia
818 2481 895 2524 anno
919 2459 981 2524 661
1008 2482 1109 2524 rerum
1132 2465 1243 2542 potitus
1267 2470 1358 2542 esset,
1387 2461 1458 2522 Ara·

277 2559 330 2620 bes
359 2560 394 2620 ab
422 2560 473 2622 illo
501 2570 633 2640 tempore
660 2562 770 2622 iterum
797 2561 936 2622 videntur
962 2563 1100 2622 statuisse
1123 2563 1154 2622 in
1178 2559 1357 2621 Graecorum
1382 2560 1457 2620 fines

278 2660 454 2738 irrumpere.
509 2659 603 2738 Atque
637 2677 669 2719 re
698 2677 766 2719 vera
794 2659 901 2720 Tabari
928 2661 1054 2738 primam
1082 2658 1300 2738 expeditionem
1327 2657 1457 2718 Arabum

277 2758 309 2815 in
336 2755 508 2818 Romaniam
537 2758 644 2818 laetam
672 2757 704 2816 A.
728 2755 762 2817 H.
785 2754 829 2817 42
855 2750 1017 2840 (tcaput.
1037 2753 1322 2836 662-141611,
1343 2749 1455 2840 663)⁶)

277 2853 391 2934 tribuit,
416 2875 473 2934 qua
497 2856 659 2934 occasione,
684 2856 709 2914 si
732 2853 858 2915 Arabico
882 2857 1020 2934 scriptori
1044 2855 1132 2915 tidem
1155 2854 1265 2916 habere
1288 2871 1457 2933 possumus,

278 2951 389 3013 Arabes
418 2972 485 3014 cum
510 2951 631 3014 Graecis
655 2954 749 3032 copiis
772 2952 885 3032 proelia
909 2955 1135 3032 commiserunt,
1163 2952 1271 3032 quibus
1293 2951 1382 3012 multi
1404 2969 1456 3030 pa·

278 3051 358 3109 trieii
381 3035 531 3110 interlecti
555 3045 666 3135 sunt.⁷)
714 3050 857 3130 Sequenti
881 3068 957 3111 anuo
981 3043 1027 3132 (A.
1047 3049 1081 3110 H.
1100 3047 1144 3110 43
1160 3077 1201 3099 =
1219 3046 1260 3112 15
1279 3049 1370 3129 April.
1391 3045 1456 3110 663

279 3181 321 3189 -
345 3144 476 3226 4April.
501 3143 581 3233 664)
609 3149 736 3228 Agareni
767 3148 841 3209 duce
869 3148 967 3209 Busur
994 3150 1177 3210 invasionem
1203 3149 1235 3208 iu
1263 3149 1338 3209 lines
1367 3146 1456 3207 Graa-

279 3263 380 3306 corum
408 3247 545 3306 iecerunt
571 3247 673 3326 ibique
700 3247 913 3307 hiemaverunt.
959 3246 1065 3308 Tabari
1094 3245 1214 3326 quidem
1242 3253 1376 3325 auctore,
1404 3245 1456 3324 qui

277 3341 396 3422 Waqidi
427 3346 515 3404 nixus
548 3351 605 3424 est,
637 3344 736 3405 Busur
762 3364 858 3424 usque
886 3344 922 3404 ad
950 3343 1234 3424 Constantinopolim
1261 3337 1455 3427 processit¹);

369 3534 394 3601 1)
415 3530 454 3587 Of.
474 3533 541 3587 Vita
561 3533 586 3587 S.
606 3533 735 3600 Barbati3
755 3534 792 3588 M.
803 3532 833 3587 G.
845 3533 879 3587 Η.
899 3533 917 3587 l.
938 3550 960 3587 c.
980 3523 1008 3603 p.
1023 3538 1137 3602 668,16.

368 3614 394 3681 2)
413 3612 481 3666 Vita
501 3613 647 3680 vitaliani,
666 3613 727 3669 Lib.
746 3613 847 3682 pontif,
866 3613 880 3666 I
897 3632 924 3683 p.
942 3619 1002 3678 186,
1017 3619 1042 3667 8.

369 3695 395 3762 3)
414 3692 562 3760 Lebeau,
585 3693 709 3748 Histoire
733 3694 771 3747 du
789 3693 973 3764 Bas-Empire
991 3693 1030 3746 XI
1047 3712 1074 3762 p.
1090 3698 1156 3762 3863
1185 3692 1416 3763 Gregorovine
1434 3692 1454 3746 1.

279 3791 301 3828 c.
320 3791 348 3842 p.
365 3779 415 3828 148
425 3791 465 3842 eq.
503 3773 688 3842 Theophanes
710 3773 800 3828 tradit
822 3775 1019 3843 imperatorem
1038 3773 1071 3827 A.
1082 3773 1119 3827 M.
1139 3778 1208 3827 6163
1224 3800 1257 3819 =
1272 3773 1370 3827 indict.
1390 3780 1406 3827 6
1422 3799 1456 3818 =

278 3853 311 3909 A.
322 3853 354 3907 D.
376 3853 454 3926 taisi
473 3854 631 3923 proiectum
650 3870 718 3909 ease.
755 3853 797 3907 Ex
816 3855 875 3908 vita
898 3856 994 3910 autem
1012 3853 1151 3907 Vitaliani
1170 3853 1264 3908 elucet
1282 3869 1347 3906 eum
1365 3853 1457 3906 indie-

277 3933 355 3988 tionc
375 3939 390 3987 6
406 3961 439 3980 =
454 3934 487 3990 A.
497 3934 530 3987 D.
547 3939 599 3988 666
618 3934 647 3988 in
665 3933 780 3988 Italiam
798 3934 920 4002 venisse,
944 3951 1000 4003 que
1018 3951 1048 3988 re
1067 3934 1228 3989 coniectura
1248 3933 1369 3987 virorum
1390 3933 1456 3987 doc·

278 4015 370 4068 torum
389 4013 570 4069 laudatorum
588 4014 744 4083 probabilis
763 4014 881 4070 videtur.

368 4096 394 4163 4)
414 4091 454 4148 Of.
469 4093 558 4148 Weil
576 4095 594 4148 l.
615 4113 637 4149 c.
657 4095 669 4148 I
688 4113 715 4163 p.
732 4101 793 4151 261.

368 4175 394 4244 6)
413 4173 484 4228 ibid.
503 4194 530 4245 p.
546 4179 612 4242 266;
631 4174 709 4230 Elias
723 4174 814 4230 Nisib.
832 4175 884 4228 sub
899 4175 931 4228 A.
941 4175 975 4230 H.
987 4181 1020 4228 41
1032 4177 1058 4244 (t
1069 4175 1135 4230 Mai.
1147 4180 1271 4229 661-26
1282 4173 1370 4244 April.
1382 4175 1454 4243 663).

368 4256 394 4323 6)
413 4253 487 4308 Huic
510 4271 584 4308 anno
602 4254 680 4309 Elias
699 4253 790 4310 Nisib.
814 4254 929 4309 initium
947 4255 1120 4310 indutiarum
1143 4271 1291 4325 perperam
1314 4255 1453 4325 assignat3

279 4333 313 4386 cf.
333 4333 555 4388 Welihausen
573 4335 592 4388 l.
612 4352 634 4390 c.
654 4354 681 4404 p.
697 4340 748 4389 421
765 4336 829 4390 adn.
845 4342 868 4392 2.

368 4416 394 4484 t)
413 4413 530 4468 Journal
549 4414 581 4468 of
595 4414 725 4468 Hellenic
744 4413 823 4469 Stud.
844 4420 885 4470 18.
916 4420 985 4470 1868
1003 4435 1031 4486 p.
1048 4422 1107 4472 184.
